1219 1821
915 231 952 250 4⁷5

191 281 234 302 Papa
244 280 307 298 auditor
316 280 404 301 specialiter
413 280 502 301 deputatus.
513 280 589 297 universis
600 281 617 297 et
627 280 692 301 singulis
702 280 768 297 dominis
776 280 862 301 abbatibus,
869 281 952 303 prioribus.

191 306 279 327 prepositis,
289 306 405 326 archidiaconis,
416 306 483 326 decanis,
495 305 589 326 cantoribus,
599 306 690 326 scolasticis,
697 306 804 327 timeum-iis,
811 307 910 324 eeclesiarum
920 309 953 325 tam

191 332 303 349 cathedralium
314 336 361 352 quam
372 331 488 352 collegiatarum
499 331 577 348 canonicis
591 332 608 347 et
622 331 742 352 parrochianum
754 332 853 349 ecclesiarum
867 333 953 350 rectoribus

190 362 218 374 seu
229 357 263 374 loca
274 357 363 374 tenentibus
372 357 460 377 eonmdem,
472 357 562 378 presbiteris
573 357 631 374 euntis
642 359 659 374 et
669 362 700 374 non
710 358 774 378 our-atis,
785 358 849 378 cler-icis,
861 359 926 375 notariis
936 361 953 376 et

191 383 299 399 tabellionibus
308 383 379 403 publicis,
390 387 418 404 per
429 383 508 399 civitatem
518 384 535 399 et
544 383 617 399 diocesim
628 382 734 400 Gneznensem
745 388 764 400 ac
774 383 813 400 alins
822 384 887 401 ubilibet
896 385 953 401 cousti-

191 408 235 429 tutis,
245 408 265 425 ad
274 413 321 429 quem
331 408 356 425 vel
367 408 387 425 ad
397 413 436 429 quos
447 410 527 429 presentes
538 408 591 425 littere
601 408 704 429 pervenerint„
715 409 782 426 salutem
789 409 806 425 in
813 409 879 426 Domino
886 411 903 426 et
910 415 953 427 man-

190 434 232 451 datis
242 435 305 454 nostris,
316 439 367 455 ymmo
378 434 429 451 verius
438 434 527 455 apostolicis
538 434 604 450 firmiter
615 434 682 451 obedire.
704 434 788 455 Novar-itis,
797 435 838 455 quod
848 440 898 456 nuper
904 435 953 452 felicis

190 460 303 477 recordacionis
313 460 384 477 dominus
395 460 479 481 Gregorius
493 460 536 481 Papa
550 460 644 480 undecimus,
659 460 736 481 quandam
751 461 862 477 commissionis
875 466 903 478 seu
916 466 953 482 sup-

190 486 272 507 posicionis
287 486 356 502 cedulam
371 485 415 503 nobis
430 490 458 506 per
472 486 549 507 quendam
564 490 642 503 cursorem
655 491 700 503 suum
710 486 797 507 presentari
807 486 849 507 feeit,
861 492 907 508 quam
917 492 952 504 cum

190 516 209 528 ea
219 516 251 532 qua
261 511 313 528 decuit
323 511 411 528 reverencia
422 511 508 532 recepimus
518 511 547 528 sub
557 511 588 528 hiis
598 512 657 528 verbis:

241 537 287 554 Pater
298 537 390 556 beatissime.
402 537 485 558 exponitur
495 537 576 554 sanctitati
586 538 638 554 vest-re
648 542 676 558 pro
686 538 731 558 parte
737 537 789 554 devoti
797 537 826 554 viri
834 537 894 554 Nicolai
901 538 952 555 Stroe-

190 563 233 584 berg,
247 563 322 584 prepositi
337 563 401 580 ecclesie
415 563 511 580 Gneznensis
525 564 541 579 et
551 563 639 579 sanctitatis
650 564 701 579 vestre
712 563 792 584 capellani,
802 568 837 580 curn
847 564 890 584 gravi
902 564 953 581 cordis

190 589 301 606 amaritudine:
318 588 359 609 quod
375 589 412 605 licet
428 589 485 605 dudum
496 588 571 605 metitus
584 590 637 605 vest-ra
649 588 712 605 iecisset
722 589 751 605 sibi
761 589 829 610 graciam
840 589 923 610 specialem
933 590 953 606 de

190 615 292 635 prepositura,
304 615 395 631 canonicatu
409 616 425 631 et
436 614 515 635 prebenda
524 614 571 630 dietis
581 614 669 635 specialiter
679 614 766 635 reservatis,
778 616 794 631 et
804 615 897 632 reverendus
907 616 952 636 pater

190 640 262 657 dominus
272 640 349 657 Iohannes
359 640 483 661 archiepiscopus
491 639 586 656 Gnaenensis
596 640 638 656 istud
650 640 738 657 nuliatenus
749 640 839 661 ignorasset,
851 642 903 657 tamen
914 641 952 662 ipse,

190 667 207 683 et
217 668 253 687 post
264 667 280 682 et
290 669 345 682 contra
351 666 438 682 huiusmodi
446 666 548 687 provisionem
556 667 572 682 et
580 666 705 686 reservaciouem,
713 665 790 686 quendam
797 666 886 683 Preczlsum
893 666 952 683 dictum

191 691 278 712 Cri-cymela,
290 693 362 712 nepotem
372 696 423 711 suum,
434 691 453 708 de
463 691 505 708 facto
515 691 535 708 ad
547 691 604 708 dietam
616 691 728 712 preposituram
741 691 805 708 intrusit
819 693 836 708 et
849 691 918 708 defendit
928 692 952 708 in—

191 719 256 737 trusum,
271 717 303 738 qui,
317 718 335 733 ut
351 717 452 733 intrusionem
469 717 556 733 huiusmodi
573 718 626 737 posset
641 717 737 737 continuare,
753 717 772 733 de
788 717 826 733 dicti
841 717 952 738 archiepiscopi

190 743 263 759 mandato
274 744 291 759 et
301 742 365 759 consilio
376 743 424 759 eciam
435 742 455 759 ab
466 742 523 759 eisdem
534 743 627 763 uppellavit;
638 743 663 759 cui
674 742 775 764 appellacioui
786 743 819 764 ipse
828 743 952 764 archiepiscopus

191 768 273 789 adherens,
284 773 329 785 suum
341 768 430 789 Capitulum
439 768 531 785 Gneznense
541 768 620 789 compulit,
631 768 723 789 promittens
734 768 784 785 eidem
794 773 823 789 pro
833 769 875 785 omni
885 769 952 790 dampno

191 795 207 810 et
217 794 297 814 interesse,
308 795 327 810 ut
337 794 387 811 eidem
398 794 499 815 appellaeioui
510 794 606 810 adheserunt
616 794 656 814 (sic).
678 794 700 810 Et
710 798 730 810 ne
740 793 796 814 aliquis
811 795 864 814 posset
876 799 952 815 quascun-

190 824 221 841 que
232 820 292 836 litteras
303 820 396 840 apostolicas
406 820 463 836 ibidem
474 819 553 840 publicare
563 819 580 836 in
591 819 663 840 capitulo
674 824 702 836 suo
712 819 804 839 Gnmensi,
814 819 899 836 mandavit:
911 820 952 840 quod

190 845 243 862 nullus
253 845 317 862 deberet
327 846 395 866 recipere
406 846 431 862 vel
440 845 495 862 audire
505 845 566 862 litteras
577 845 675 865 apostolicas,
684 845 714 861 nisi
725 844 745 861 de
756 844 788 861 sius
800 845 863 865 speciali
871 845 951 862 mandate:

190 871 219 888 sub
229 876 270 892 pena
280 871 348 892 periurii,
363 871 450 892 iuravitque
464 871 486 887 sic
501 871 550 887 eciam
564 871 615 891 sepius
626 870 676 887 dictus
687 870 819 891 archiepiscopus:
833 872 852 887 ut
862 875 952 892 numquam,

190 897 264 918 quamdiu
275 897 338 917 viveret
347 897 406 913 dictum
417 897 513 918 prepositum
520 896 545 913 vel
552 896 590 913 alios
598 900 702 917 quoscumque
709 896 802 917 apostolicos
809 896 856 913 vellet
862 896 951 913 admittere:

190 924 237 944 prout
247 922 284 939 feeit
295 924 311 939 et
321 922 359 939 facit
369 923 389 939 de
400 922 445 939 facte.
468 922 538 943 Cumque
553 922 641 943 prepositus
657 923 674 938 et
688 922 771 938 Pxeczlaus
786 922 851 942 predicti
862 922 878 938 iu
892 922 952 943 palacio

190 953 242 965 eoram
256 950 308 965 vestm
322 948 405 965 sanctitate
417 953 445 969 per
459 948 504 969 plura
519 949 589 969 tempora
603 952 650 968 super
664 947 706 964 dicta
719 948 818 968 prepositura
832 947 925 968 litigassent,
936 949 952 964 et

190 974 223 995 ipse
234 974 322 995 prepositus
333 978 361 994 pro
372 978 389 990 se
399 979 446 990 uuam
457 974 551 990 sentenciam
558 973 657 990 diffinitivam
664 974 764 994 reportasset,
772 973 830 990 iaciens
837 972 896 990 fructus
903 973 952 994 ipsius

190 1000 287 1020 prepositure
297 1000 314 1016 in
324 999 374 1016 forma
384 999 477 1016 auctoritate
488 1000 539 1015 vestre
549 999 638 1015 sanctitatis
648 1003 676 1019 per
686 998 763 1019 quendam
774 998 858 1015 Iohannem
868 999 905 1015 Albi
912 999 952 1016 Pha-

190 1025 229 1041 lonis
246 1025 335 1041 canonicum
351 1025 392 1041 dicte
406 1024 470 1041 ecclesie
485 1024 580 1041 Gneznensis
596 1024 695 1045 sequestrari,
711 1024 738 1045 qui
754 1028 782 1045 per
800 1024 824 1040 sui
842 1024 910 1045 corporis
925 1025 952 1041 de-

190 1050 267 1067 bilitatem
278 1050 339 1067 cuidam
350 1050 415 1066 Iarando
426 1050 475 1066 entiam
486 1050 527 1066 dicte
536 1050 599 1066 ecclesie
610 1050 683 1066 canonico
693 1050 775 1070 commisit,
782 1050 809 1070 qui
816 1049 892 1067 fructibus
898 1050 952 1067 huius-

190 1076 236 1093 modi·
244 1076 340 1097 prepositure
350 1075 452 1096 sequestretis
463 1076 521 1092 dictum
531 1076 645 1096 preposituram
655 1077 734 1096 tamqnam
744 1076 825 1096 sequester
834 1075 874 1093 bene
883 1080 911 1097 per
920 1077 952 1093 tres

190 1106 251 1118 meuses
261 1102 352 1123 gubernavit
363 1103 379 1118 et
389 1101 430 1118 rexit
440 1102 457 1118 et
467 1101 500 1118 eius
511 1101 607 1122 possessione
620 1100 684 1122 pacifica
700 1101 762 1122 gavisus
777 1100 814 1118 fuit:
830 1101 900 1122 prefatus
916 1106 952 1118 vero

190 1127 271 1144 Preczlaus
281 1127 334 1144 videus
345 1127 379 1147 hoc,
390 1132 421 1144 una
432 1131 467 1143 cnm
478 1127 545 1147 quodam
552 1126 631 1143 Grzimala
641 1126 689 1143 intre
700 1131 733 1146 suo.
741 1123 841 1147 procuratore
847 1126 885 1143 dicti
893 1127 952 1144 archi&

190 1153 254 1174 piswpi,
263 1153 305 1169 bona
315 1154 331 1169 et
342 1153 436 1169 hereditates
446 1153 488 1169 dicte
502 1152 600 1173 prepositure
614 1157 661 1168 manu
677 1153 738 1169 armata
753 1153 770 1169 et
786 1152 839 1168 hostili
855 1152 951 1173 invadenoetz,

190 1179 249 1195 dictam
262 1180 359 1199 sequestrum
373 1178 444 1195 violando
455 1178 489 1199 ipsa
503 1178 544 1194 bona
558 1178 640 1198 pecoribus
654 1179 671 1194 et
681 1177 765 1199 pecudibus
776 1182 794 1194 ao
804 1177 854 1194 bladis
865 1177 952 1195 valentibus

190 1204 230 1221 bene
244 1204 274 1221 duo
287 1204 330 1220 milia
344 1203 436 1220 florenorum
451 1204 542 1224 spoliarunt,
553 1205 569 1220 et
580 1208 598 1220 es
612 1203 632 1220 ad
643 1203 695 1220 villam
706 1204 776 1220 vocatam
787 1203 894 1220 Chomauschs
904 1203 952 1224 perti-

191 1231 252 1246 nentem
263 1229 283 1246 ad
294 1233 364 1246 mensam
374 1229 413 1246 dicti
423 1229 538 1250 archiepiscopi,
550 1233 596 1250 quam
607 1228 636 1245 sibi
647 1229 698 1245 dictus
714 1228 837 1249 archiepiscopus
852 1233 880 1249 pro
893 1228 952 1250 refugio

190 1255 280 1276 assignavit,
290 1255 396 1275 abduxeruut3
407 1256 424 1271 et
436 1254 490 1271 finctis
500 1254 555 1271 hostiis
566 1255 683 1271 combusserunt
693 1254 754 1271 edificia
767 1254 809 1271 dicte
823 1254 924 1275 prepositure,
935 1255 952 1271 et

190 1281 251 1297 infinita
261 1281 307 1297 blada
318 1281 450 1301 consumpserunt,
461 1285 513 1301 ymmo
523 1280 599 1301 quendam
613 1280 704 1297 familiarem
714 1280 752 1297 dicti
762 1280 820 1297 domini
834 1279 896 1297 Iaraudi
910 1285 952 1297 oom-

190 1306 257 1323 missarii
267 1306 369 1323 vulnerarunt
378 1306 451 1327 graviter,
462 1306 525 1327 ipseque
535 1306 658 1327 archiepiscopus
669 1305 728 1322 dictum
735 1305 814 1322 dominum
823 1305 908 1322 Iohannem
915 1306 951 1322 Albi

190 1332 269 1352 Phalonis,
285 1333 348 1353 propter
365 1332 394 1349 boc
409 1332 450 1352 quod
463 1332 497 1353 ipse
510 1331 597 1348 huiusmodi
611 1331 724 1352 preposituram
738 1332 867 1352 sequestraverat,
884 1331 952 1352 quadam

190 1358 228 1375 villa
238 1359 292 1375 vocata
301 1357 384 1374 Dobrilevo
394 1357 413 1374 de
424 1357 469 1375 iactis
479 1357 555 1379 spoliavit.
578 1357 611 1374 Nec
620 1357 671 1373 dictus
681 1357 763 1373 Preczlaus
779 1361 811 1373 uua
826 1361 860 1373 cum
872 1356 952 1374 Gzrimala

190 1383 239 1400 tratre
249 1388 278 1400 suo
288 1383 358 1404 predicte
369 1383 442 1403 contenti,
454 1387 503 1404 nuper
512 1383 566 1403 eciam,
576 1383 595 1399 ut
605 1382 699 1403 presumitur
710 1382 729 1399 de
739 1382 811 1399 mandate
819 1383 835 1398 et
842 1382 906 1399 consilio
913 1382 951 1399 dion*

190 1409 249 1426 domini
259 1409 375 1430 archiepiswpi,
385 1409 435 1425 sdens
445 1413 462 1425 se
474 1410 506 1425 tres
516 1408 606 1425 diffinitivas
616 1408 703 1425 sentencias
716 1407 806 1429 perdidisse,
817 1408 833 1424 iu
844 1408 896 1428 vigilia
906 1407 952 1426 beate

191 1435 241 1452 Marie
251 1435 347 1456 Magdslene,
362 1439 392 1455 que
406 1434 436 1451 fuit
450 1435 524 1451 vicesima
537 1435 587 1455 prima
598 1434 655 1451 mensis
668 1433 704 1459 Iulii
714 1433 751 1450 anni
761 1433 841 1454 presentis,
855 1433 914 1450 dictum
923 1434 951 1456 do-

191 1461 250 1477 minum
260 1460 343 1477 Iaraudum
355 1461 487 1481 sequestutorem
496 1460 516 1478 de
525 1460 621 1482 possessione
631 1459 700 1481 predicte
710 1459 807 1480 preposimre
814 1459 876 1476 iterate—
880 1459 951 1476 violando

850 1488 874 1503 w·
