1219 1821
225 216 261 235 286

223 266 335 286 commendata,
349 266 385 283 hinc
400 267 429 286 est,
444 266 486 287 qnod
501 270 529 282 nos
542 266 619 282 Iohannes
636 265 688 282 divina
701 267 717 282 et
731 265 816 286 apostolice
830 265 874 282 Sedis
888 265 991 287 providencia

224 293 305 313 episeopus
315 292 428 312 Poznaniensis,
440 293 494 308 noturn
505 292 570 308 tacimus
581 292 657 308 universis
668 291 765 312 presentibus
776 293 792 308 et
803 291 859 308 futuris
870 292 890 308 ad
900 296 939 312 qnos
952 296 990 312 per-

224 318 284 335 venerit
295 318 369 339 scriptum
381 322 448 338 presenS,
459 317 501 338 quod
512 317 571 334 cultum
584 317 652 333 divinum
667 322 696 333 nec
710 322 741 333 non
756 317 864 334 canonicorum
875 319 891 334 et
901 317 990 338 prebenda«-

224 348 259 360 rum
268 348 348 360 numerum
360 344 376 360 in
386 343 429 360 dicta
439 345 494 360 nostra
505 343 605 359 Poznaniensi
619 343 683 360 ecclesia
697 343 750 363 augeri
765 343 888 359 desiderabiliter
903 343 990 364 cupientes,

224 369 323 386 attendentes
334 369 383 386 eciam
394 369 446 385 fidelia
456 369 521 385 ser-vicia
531 369 594 385 discreti
605 369 634 384 viri
645 368 703 385 domiui
714 368 772 389 Goslay
782 369 887 389 procuratoris
893 369 948 389 nostn',
960 373 990 385 no-

224 395 248 412 bis
258 397 275 411 et
286 395 349 411 ecclesie
360 397 412 411 nostre
423 395 493 411 exhibita
503 396 519 411 et
530 395 604 415 impensa,
615 399 634 411 sm
644 396 708 415 propter
719 394 752 411 eius
763 394 819 410 merita
829 394 917 415 probitatis,
928 394 944 410 in
952 399 990 415 per-

224 425 266 437 sona.
271 421 319 441 ipsius
330 421 388 437 domini
399 420 457 441 Goslay
468 420 576 437 canonicatum
587 421 603 436 et
614 420 706 440 prebendam
718 420 734 436 in
744 420 786 436 dicta
794 421 848 436 nostra
854 419 956 436 Poznaniensi
963 424 991 436 ec-

224 446 271 463 clesia
281 446 300 462 de
311 451 386 463 consensu
396 448 413 462 et
424 446 503 462 voluntate
514 446 579 462 fratrum
590 447 683 466 nostrorum,
692 445 751 462 scilicet
761 445 870 462 Poznaniensis
882 445 956 466 Capituli,
967 445 989 461 de

225 476 265 489 novo
274 472 378 488 instituendos
389 472 461 488 duximus
471 473 488 488 et
499 471 578 492 creandos,
589 472 678 492 dictumque
693 471 767 488 Goslaum
782 471 859 491 quondam
875 473 950 488 rectorem
963 476 989 488 ec-

225 497 272 514 clesie
282 498 301 514 de
312 497 391 517 vinnom,
402 497 418 513 in
428 497 462 518 ipsa
471 497 572 514 Poznaniensi
583 497 648 514 ecelesia
661 502 689 518 per
703 497 759 513 fratres
774 498 839 516 nostros,
855 497 923 517 prelatos
935 498 951 513 et
963 501 990 513 ea-

225 523 289 540 nonicos
300 523 348 544 ipsius
359 523 428 543 ecclesie,
439 523 455 539 in
466 523 556 539 mnonicum
567 523 614 544 recipi
624 522 688 539 fecimus
699 525 715 539 et
726 523 742 539 in
753 522 821 542 fram,
833 522 893 543 sibique
900 522 965 539 stallum
973 522 990 538 in

226 549 273 565 choro
285 551 301 565 et
311 554 363 566 vocem
376 549 392 565 in
403 549 475 570 Capitulo
488 554 523 565 cum
536 548 632 570 plenitudine
646 548 683 565 iuris
698 548 767 565 canonici
782 548 862 568 assignari.
885 548 961 564 Redditus
972 549 991 564 et

226 576 309 595 proventus
320 574 384 591 ecclesie
394 574 414 591 de
424 575 502 595 Viscoeze,
513 575 556 591 cuius
567 574 587 591 ad
598 579 626 590 nos
637 575 661 590 ius
672 575 770 595 patronatus,
781 574 848 595 provisio
859 575 875 590 et
882 574 946 591 collacio
953 578 991 595 per-

225 600 276 617 tinere
286 600 376 620 dinoscitur,
388 602 406 617 ut
417 600 457 616 infra
467 600 570 621 submittitur,
581 604 609 620 pro
620 604 684 620 corpore
698 599 775 620 prebende
786 599 806 616 de
817 604 856 615 novo
870 599 935 616 creande
947 599 990 616 scin-

226 626 285 642 dendos
295 626 383 643 censuimus
393 630 421 642 seu
431 626 479 642 eciam
490 626 585 642 dividendos
608 626 676 642 Habebit
686 630 755 646 namque
763 627 779 642 et
790 625 839 642 eciam
846 625 919 642 retinebit
926 625 990 642 racione

225 651 302 673 prebende
311 656 338 668 sue
348 652 417 672 predicte
427 652 478 668 dictus
489 651 556 668 Goslaus
567 652 583 668 in
594 652 635 668 villis
645 651 748 672 iun-ascriptis
761 656 816 668 census
829 653 845 667 et
859 651 931 671 decimas,
946 651 990 667 vide-

225 677 263 694 licet
274 677 290 694 in
301 677 380 698 vimmo,
391 677 407 693 in
418 677 491 697 Charino,
502 677 519 694 in
529 677 579 694 medio
594 677 686 694 Golambino
697 679 714 693 et
728 677 745 693 in
756 677 839 697 Wronovo,
854 677 874 693 de
886 677 927 698 agris
942 677 990 693 cultis

225 704 242 719 et
252 703 272 719 de
281 703 361 719 novalibus
372 702 494 724 quibuscunque,
506 704 552 724 prout
563 703 604 720 dicte
616 703 652 719 ville
662 703 678 719 in
686 703 718 719 suis
725 702 802 719 limitibus
808 703 845 719 sunt
852 702 930 719 distinete.
948 702 990 723 Qua-

225 733 260 745 rum
274 729 345 745 villarum
360 728 430 745 redditus
441 730 457 745 et
470 730 554 749 proventus
569 733 622 745 ornnes
636 730 653 745 et
666 729 739 749 singulos.
754 729 770 745 in
781 728 852 745 censibus
866 730 883 744 et
897 728 961 745 decimis
971 730 990 745 ut

226 754 323 775 premittitur
333 754 441 774 consistentes,
452 758 480 770 nec
490 759 520 770 non
531 759 576 774 agros
586 759 639 771 omnes
650 755 677 775 qui
688 754 760 775 primitus
767 754 787 770 ad
794 754 858 770 eandem
866 754 946 771 ecclmiam
953 759 990 775 per-

226 780 301 800 tinebant,
312 782 364 801 preter
375 784 445 796 mansum
460 784 513 800 unurn,
528 780 554 800 qui
568 780 625 797 vicario
639 781 714 801 perpetuo
727 780 742 796 in
753 780 826 796 Viscocze
842 780 924 796 debebitur
937 781 954 796 et
969 780 990 797 ul

226 806 269 822 illurn
280 806 342 822 racione
352 806 446 826 agriculture
456 805 536 826 spectabit,
548 806 616 826 predicte
627 805 704 827 prebende
714 806 733 822 de
744 810 784 822 novo
795 807 847 822 create
857 806 990 826 contemplacione

226 836 254 848 seu
268 832 326 848 intuitu
340 831 378 848 dicti
391 831 449 852 Goslay
466 831 567 851 annectimus,
583 831 681 852 adiungimus
699 833 716 848 et
731 831 822 848 ascribimus
837 833 911 852 perpetuo
927 832 944 848 in
959 831 990 848 hiis

225 857 293 878 scriptis,
305 861 331 874 eos
342 862 352 873 a
362 857 466 878 proventibus,
477 857 596 873 obvencionihus
607 859 624 873 et
635 857 694 873 iuribus
707 857 742 873 aliis
756 859 840 873 memorate
851 857 870 873 de
882 857 955 874 Viscoeze
964 862 990 874 ee-

225 883 272 899 clesie
282 883 353 899 totaliter
364 884 462 903 separant&
474 887 502 903 pro
513 883 570 899 vicario
581 887 622 903 vero¹
634 883 660 903 qui
671 883 704 899 vice
715 884 731 899 et
742 882 775 899 loco
786 883 854 899 eiusdem
865 883 923 904 Goslay
932 885 948 899 et
955 888 990 900 suc-

227 912 305 925 eessorum
317 908 365 929 ipsius
377 908 392 924 in
402 908 444 925 dicta
455 908 556 925 Poznaniensi
567 908 632 925 ecclesia
640 908 721 928 deserviet,
733 908 773 925 sieut
784 910 874 925 consuetum
886 910 910 925 est
917 909 950 925 fieri
962 914 991 930 per

225 934 291 950 vicarios
301 934 340 950 aiios
352 933 406 950 officiis
416 934 431 950 in
442 934 504 954 divinis,
513 934 588 951 decimam
599 934 615 950 in
627 934 742 950 Domaslavicze
753 934 850 954 atribuimus,
867 934 957 951 ascribimus
971 939 990 951 ae

225 959 274 976 eciam
284 959 386 980 assignamus.
408 959 431 975 Ut
445 961 497 976 autem
512 960 579 976 vicarius
594 961 682 980 perpetuus,
696 964 724 980 per
739 964 767 976 nos
781 960 818 976 inibi
835 960 883 976 eciam
898 960 958 976 nov-iter
969 960 990 977 ad

226 985 359 1006 presentacionem
371 985 409 1001 dicti
424 985 482 1006 Goslay
497 985 583 1005 institutus,
596 987 612 1002 et
623 990 718 1002 successores
729 986 753 1002 sui
764 986 791 1006 qui
802 990 830 1006 pro
845 988 915 1007 tempore
926 986 988 1007 suerint,

225 1010 332 1027 incumbencia
341 1015 389 1027 onera
399 1012 483 1027 memorate
495 1011 510 1027 in
522 1011 595 1028 Viscoeze
605 1011 669 1027 ecclesie
679 1011 739 1032 possint
749 1013 766 1028 et
776 1011 838 1028 valeant
849 1011 910 1028 facilius
921 1013 937 1028 et
948 1016 990 1028 corn-

226 1036 286 1053 modins
297 1038 389 1057 supportare
400 1036 499 1053 deserviendo
511 1037 541 1057 ipsi
552 1037 615 1053 ecclesie
630 1037 646 1053 in
661 1037 722 1057 divinis,
737 1042 765 1058 pro
780 1038 895 1054 sustentacione
909 1037 958 1058 ipsius
971 1042 991 1054 ac

227 1066 332 1078 successorum
343 1067 406 1079 suorum
416 1062 483 1079 decimas
494 1062 537 1082 alias,
552 1062 605 1079 binum
620 1062 691 1079 videlicet
705 1063 798 1083 Rogaczevo,
811 1063 879 1083 Sculino,
892 1063 964 1079 Raczsati
974 1063 990 1079 in

226 1087 282 1108 insula,
294 1089 310 1104 et
321 1088 360 1104 alias
371 1088 438 1104 decimas
449 1090 484 1109 post
499 1088 565 1104 militum
580 1089 656 1108 araturas,
671 1093 706 1105 cum
721 1088 802 1105 frumentis
816 1089 904 1105 missalibus
919 1089 935 1105 in
949 1089 991 1105 villis

226 1113 348 1134 parrochialibus
359 1113 379 1130 ad
388 1114 452 1130 eandem
467 1114 546 1130 ecclesiam
560 1114 670 1135 spectantibus,
686 1119 756 1131 mansum
770 1114 857 1135 predictum
870 1117 886 1131 et
896 1120 945 1135 areas,
960 1120 989 1136 pro

226 1139 260 1160 ipso
271 1139 328 1156 vicario
339 1141 414 1160 perpetuo
425 1140 441 1155 et
452 1139 512 1159 clerico,
524 1140 539 1155 in
550 1139 587 1156 dote
603 1140 667 1156 ecclesie
681 1140 749 1156 eiusdem
760 1145 778 1156 ac
791 1140 823 1156 suis
838 1141 956 1161 successoribus,
969 1141 990 1157 si-

226 1164 285 1181 militer
295 1165 322 1186 qui
334 1169 362 1185 pro
374 1167 443 1185 tempore
454 1165 517 1185 suerint,
528 1165 610 1186 iungimus,
621 1165 712 1182 ascribimus
723 1167 739 1182 et
750 1166 829 1186 perpetuis
844 1165 901 1182 suturis
917 1167 991 1187 tempori—

227 1190 256 1206 bus
268 1192 321 1207 tenore
332 1191 427 1211 presentium
438 1191 539 1211 assignamus.
561 1191 580 1207 In
593 1191 637 1207 cuius
650 1191 673 1207 rei
688 1191 798 1211 testimonium,
813 1193 883 1208 nostrum
895 1193 911 1208 et
922 1191 991 1212 Capituli

228 1216 277 1232 nostri
289 1216 354 1236 predicti
364 1216 415 1237 sigilis
426 1216 524 1237 presentibus
534 1218 571 1233 snut
582 1221 655 1237 appensa.
678 1217 736 1233 Datum
747 1217 823 1233 Poznanie
832 1217 857 1234 die
865 1217 945 1234 beatorum
953 1217 991 1234 Pro-

227 1242 266 1258 cessi
278 1243 294 1258 et
304 1241 396 1258 Martiniani
411 1242 497 1262 martirum,
512 1247 553 1258 anno
567 1242 630 1258 Domini
644 1243 723 1263 m.ceclxvi,
738 1242 835 1263 presentibus
848 1243 963 1259 honorabilibus
975 1245 992 1260 et

228 1267 300 1284 discretis
310 1267 353 1287 viris,
364 1267 430 1284 dominis
443 1267 513 1288 Troyano
528 1268 611 1288 preposito,
626 1268 707 1288 Dythcone
721 1268 784 1288 demo,
798 1268 861 1284 Andrea
873 1268 991 1289 archidyacono,

229 1292 299 1309 Iohanne
310 1293 378 1313 custode,
390 1293 454 1309 Nicolao
465 1293 577 1313 archidyacono
588 1292 670 1313 Sremenai,
681 1293 736 1310 Iacobo
747 1293 854 1310 archidiacono
866 1294 953 1314 Pczevensi,
966 1294 992 1311 la-

228 1318 281 1335 nussio
291 1320 359 1339 cantore,
370 1319 438 1335 Mai-tino
449 1318 563 1339 archidiacono,
576 1318 697 1339 Gnezuensibus,
712 1319 780 1336 Iohanne
790 1319 810 1336 de
824 1319 912 1340 Dobrzieza,
927 1319 992 1337 Nioolao

228 1344 309 1364 Ozebulca,
321 1344 417 1365 Pribignevo,
429 1344 506 1361 canonicis
516 1343 652 1360 Poznaniensibus.

278 1391 356 1412 Visoocze,
372 1392 437 1412 Wyslcoc'.
461 1391 534 1412 Chorina,
549 1391 612 1411 Choryri.
634 1391 732 1412 Golambinc,
748 1393 825 1409 Golembin.
848 1392 931 1413 Wronovo,
948 1393 991 1409 Wro-

229 1422 275 1434 πονο.
289 1418 410 1437 Domaslavicze,
418 1419 464 1433 asnaa
472 1419 527 1433 zm'kln„
542 1417 598 1434 Binum
606 1417 700 1438 Rogat—aevo,
708 1418 793 1437 Roma-v,
801 1419 905 1438 Rooaczemele.
920 1418 991 1439 Scnlino,

227 1444 274 1459 osada
283 1444 338 1459 milda.
353 1443 425 1460 Raasati
435 1443 450 1459 in
462 1443 518 1464 insula,
529 1444 582 1460 Racot.
596 1443 692 1464 Pczevensis,
702 1445 721 1460 de
731 1445 795 1460 chzm.
810 1444 900 1465 Dobrzicza,
908 1445 992 1465 anonym.
