1219 1821
225 221 263 240 432

225 272 282 293 singuli
293 276 346 288 eornm
357 275 385 292 pro
399 276 415 287 se
426 272 442 287 et
453 271 485 288 suis
499 271 540 287 natis
556 272 572 287 et
587 270 675 287 domesticis
691 271 779 287 huiusmodi
794 270 874 287 denarium
890 271 910 288 de
927 271 999 293 antiqua

225 295 292 313 moneta,
303 297 331 309 sen
342 292 375 309 eins
386 293 454 309 valorem
465 292 503 313 ipsis
513 292 599 309 rectoribus
608 292 669 308 solvere
680 292 750 313 qualibet
760 292 814 308 fraude
822 294 892 309 cessante
903 293 999 313 procurent,

225 319 287 340 ipsique
297 318 353 338 singuli
365 319 433 334 rectores
444 322 505 334 omnem
518 318 599 339 pecuniam
614 317 650 334 inde
662 322 690 338 per
703 322 729 334 eos
742 319 826 338 receptam,
841 318 875 334 sine
891 318 1000 335 diminutione

225 348 322 365 quacunque,
333 343 417 364 sigillam
428 348 482 360 eorum
493 343 553 364 sigillis,
564 348 596 359 una
607 348 642 359 cum
657 343 728 359 omnibus
744 343 831 359 nominibus
846 343 929 360 earundem
940 348 999 364 perso-

225 374 280 386 narum
291 373 354 385 suarum
365 368 487 390 parrochiarum,
499 370 531 385 tam
545 368 617 385 videlieet
632 368 693 385 illarum
706 373 736 389 que
750 368 809 385 dictum
822 368 902 385 denarium
913 369 998 390 solverint,

225 400 272 416 quam
283 394 349 411 aliarum
359 399 390 415 que
400 399 430 411 non
447 394 526 413 solverint,
543 394 575 410 suis
586 394 698 410 archidiaconis
713 398 740 410 sen
754 394 788 410 loca
799 394 887 411 tenentibus
898 394 998 415 eorumdem,

225 419 336 441 recipientibus
347 420 409 436 nornine
419 421 472 436 nostro
484 421 500 436 et
511 420 552 436 dicte
563 419 633 436 Romane
644 419 713 439 ecclesie,
725 419 766 436 intra
776 424 824 436 unum
835 424 903 436 mensem
914 421 951 440 post
962 421 999 437 ter-

225 446 284 462 minum
302 445 409 466 supradictum
427 445 506 465 assignare
522 446 610 466 procurent⁴
637 445 718 465 Similique
734 445 780 461 modo
797 449 860 461 moneas
876 445 999 462 archidimnos

225 471 287 488 eosdem
297 472 314 487 et
325 471 359 487 loon
370 472 440 487 tenentes
452 471 525 491 ipsorum,
537 470 578 490 qaod
589 472 639 486 totam
650 470 730 490 pecuniam
743 475 771 491 per
781 475 807 487 eos
818 475 828 487 a
838 470 919 491 prelibatis
928 471 999 487 rectori-

226 496 255 513 bus
266 497 349 517 receptam,
361 496 390 512 snb
401 495 459 512 eisdem
466 496 526 516 sigillis,
538 497 554 512 et
562 495 649 512 huiusmodi
657 496 720 512 nomina
732 496 824 512 solventium
835 497 852 512 et
858 500 890 512 non
901 496 999 513 solventium

226 526 332 543 personarum,
344 521 385 538 insi-s
395 521 443 538 alium
459 522 572 542 competentem
587 522 671 538 terminum
685 521 714 538 tibi
725 526 752 538 seu
768 522 800 537 tuis
813 521 950 538 snowllectoribns
961 523 998 538 tn-

226 547 263 564 dere
272 552 303 564 non
314 548 412 568 postponant.
436 547 561 563 Contradictoros
571 549 598 563 etc.
621 547 657 563 Non
668 547 765 563 obstantibus
777 548 809 563 tam
820 546 870 563 felicis
882 547 999 564 recordacionis

226 573 302 589 Bonil'ncii
313 573 356 593 Pape
367 572 406 589 VIII
416 572 529 593 predecessoris
545 572 600 592 nostri,
617 572 633 588 in
645 572 701 593 quibus
712 574 783 589 oavetur:
801 577 820 588 ne
836 572 885 593 aliqui
900 573 999 589 auctoritate

226 599 315 615 litterarum
325 598 446 619 apostolicarum
457 598 500 615 ultra
509 600 553 615 certa
563 598 598 615 loos
608 599 625 614 et
634 602 715 614 numerum
726 598 746 614 ad
756 598 829 614 iudicium
843 599 935 614 evocentur:
947 603 998 619 qnam

227 624 262 641 aliis
273 624 411 641 constitunionibns
422 624 512 645 apostolicis
523 624 605 640 contrariis
617 624 742 644 quibuscunque;
758 628 785 640 sen
796 623 809 639 si
820 623 866 640 alicui
877 623 902 640 vel
916 623 998 644 aliquibus

227 650 332 670 predictorum
343 650 367 666 vel
378 650 413 666 aliis
423 650 525 666 communiter
536 649 560 665 vel
574 649 635 665 divisim
650 654 660 665 a
671 649 710 665 Sede
720 649 806 669 apostolica
819 649 841 665 sit
851 649 936 665 indultum:
953 649 998 670 quod

227 675 303 695 interdici,
314 675 388 696 suspendi
398 675 423 691 vel
434 675 568 695 excommunicari,
580 676 608 691 aut
619 675 664 691 extra
674 674 698 691 vel
706 674 748 691 ultra
756 676 798 691 certa
806 674 841 691 loca
850 674 870 691 ad
878 674 952 691 iudicium
959 679 998 691 evo-

227 701 259 717 cari
269 705 300 717 non
311 701 373 721 possint
383 705 411 721 per
421 700 482 716 litteras
497 700 595 721 apostolicos,
611 704 641 716 non
652 699 726 716 facientes
742 700 803 721 plenam
818 701 834 716 et
844 704 933 720 expressam
947 704 965 716 ac
976 700 999 716 de

228 726 275 742 verbo
286 726 306 742 ad
317 726 380 742 verbum
391 725 411 743 de
418 725 479 742 indulto
486 725 574 742 huiusmodi
582 725 683 742 mentionem:
694 727 710 741 et
721 725 817 745 quibuslibet
826 725 911 746 privilegiis
923 730 941 742 nc
952 725 999 742 litte-

227 751 249 767 ris
259 751 354 772 apostolicis,
366 751 488 772 quibuscumque
497 751 541 771 loeis,
551 751 624 772 personis
639 751 663 768 vel
678 751 762 767 Ordinibus
773 751 802 767 sub
817 756 908 772 quacunque
919 751 969 768 forma
980 753 1000 768 et

228 777 326 797 expressione
337 777 418 793 verborum
429 777 449 793 ab
458 777 512 793 eadem
522 776 561 793 Sede
572 777 653 797 concessis,
664 776 684 793 de
695 777 751 797 quibus
762 781 858 797 quorumque
866 777 905 793 totis
916 777 999 794 tenor-ibus

228 803 276 819 etiam
287 802 306 819 de
316 802 363 819 verbo
374 802 394 819 ad
404 803 467 819 verbum
479 803 495 819 in
506 802 562 819 litteris
574 803 632 819 nostris
643 802 701 818 mentio
712 802 734 818 sit
744 802 820 823 habenda,
830 804 846 819 et
856 807 884 823 per
892 807 922 823 qne
932 807 999 823 presen-

228 828 249 845 tis
258 828 327 845 mandati
339 828 389 844 nostri
398 828 462 845 effeetus
473 828 525 845 valeat.
535 828 651 849 quomodolibet
661 828 737 848 impediri.
756 828 814 844 Datum
824 828 900 844 Aviuione
911 823 934 844 111
942 828 1000 845 Nonas

228 854 314 874 Februarii,
325 858 366 871 anno
377 854 436 874 quinto.

555 941 590 961 Nr.
608 940 671 962 1715.

280 994 377 1019 Gregorius
386 993 417 1019 Pp.
426 993 455 1014 XI
468 994 498 1013 18
504 995 540 1013 75
549 993 598 1014 Febr.
607 995 633 1017 5,
641 994 740 1019 Avinione;
751 998 817 1015 lohmmi
827 998 942 1019 archiepiscopo
954 998 999 1015 Gne-

229 1024 282 1041 znensi
294 1024 364 1044 mandat,
375 1025 393 1040 ut
404 1023 469 1040 Nicolwo
480 1023 563 1044 Stmsberg
574 1024 630 1040 nuntio
643 1024 728 1045 apostolico
738 1024 754 1040 in
765 1024 862 1045 assequenda
871 1024 944 1040 ecclesiae
955 1023 999 1041 Gne-

228 1050 290 1066 znensis
301 1050 409 1070 praepositura
421 1051 450 1066 etc
462 1049 518 1066 faveat.

282 1076 350 1091 Theinaer.
373 1076 469 1091 Monumenta
479 1076 530 1091 nutari
542 1076 613 1091 Poloniae
624 1076 638 1094 1,
650 1076 686 1091 962.

280 1135 367 1155 Gregorius
375 1135 456 1155 episcopus
467 1137 495 1150 etc.
506 1134 590 1151 venerabili
603 1134 649 1151 fratri
663 1134 728 1151 Iohanni
743 1134 858 1155 areidepisoopo
873 1134 960 1151 Gneznensi
972 1139 997 1151 snr-

228 1161 277 1177 lntem
288 1163 316 1177 etc.
339 1160 378 1176 Cum
390 1160 456 1176 dilectus
472 1160 513 1176 iilius
524 1160 598 1177 Nicolnus
614 1160 697 1181 Strosberg
711 1160 799 1181 prepositus
814 1160 878 1176 ecclesie
895 1160 998 1180 Gnezueusis,

229 1186 314 1207 apostolice
325 1186 369 1202 Sedis
379 1186 449 1206 nuncius,
460 1186 501 1202 lator
511 1186 612 1206 presentium,
623 1186 648 1202 cui
659 1186 678 1202 de
688 1186 780 1202 canonicatu
795 1187 811 1202 et
822 1185 900 1206 prebenda
911 1190 930 1202 ac
940 1190 997 1206 prepo-

228 1212 279 1228 situra
289 1211 330 1228 dicte
340 1211 404 1228 ecclesie
414 1211 515 1231 Gneznensis,
526 1211 617 1228 vacantibus
632 1216 659 1232 per
674 1211 733 1227 obitum
748 1211 825 1232 quondam
837 1211 898 1228 Nicolai
909 1211 997 1232 Kosehuclx,

229 1242 257 1258 per
268 1241 296 1253 nos
306 1241 325 1253 ex
336 1237 382 1253 certis
393 1236 514 1253 rationabilibus
523 1237 574 1253 causis
583 1236 681 1257 dispositioni
691 1238 745 1253 nostre
757 1236 845 1257 specialiter
852 1237 940 1257 reservatis,
951 1236 999 1253 duxi-

229 1267 264 1279 mus
275 1262 391 1283 providendum,
402 1262 460 1279 habent
471 1262 487 1278 in
498 1262 569 1283 partibus
580 1262 611 1279 illis
622 1267 650 1283 pro
662 1262 706 1279 nobis
718 1264 734 1279 et
745 1267 806 1279 camera
817 1263 871 1279 nostra
882 1262 956 1279 nonnulla
968 1267 996 1279 no-

229 1289 272 1310 gotia
283 1288 334 1304 facere
345 1288 361 1304 in
372 1288 428 1308 quibus
435 1287 478 1304 favor
489 1289 526 1304 tuus
533 1288 564 1304 crit
570 1287 600 1304 sibi
607 1288 715 1308 multipliciter
722 1289 814 1308 oportunus,
825 1288 939 1305 fraternitatem
947 1289 997 1309 tuam,

229 1314 249 1331 de
259 1318 291 1335 qna
299 1313 367 1334 gerimus
378 1315 394 1329 et
400 1318 453 1334 gerere
464 1313 539 1329 debemus
549 1313 622 1330 fiduciam
634 1313 723 1334 pleniorem,
734 1318 807 1334 rogamus
818 1315 884 1334 attente,
898 1313 997 1334 mandantes,

229 1339 303 1360 quatinus
319 1339 361 1355 dicto
372 1338 437 1355 Nioolao
454 1339 470 1355 in
485 1338 573 1355 huiusmodi
584 1339 641 1355 nostris
656 1340 673 1355 et
681 1339 723 1355 dicte
738 1343 798 1355 camere
814 1339 883 1360 agendis,
899 1344 927 1356 nec
938 1339 997 1356 nonin

229 1365 326 1382 assecutione
336 1364 400 1385 pacifice
411 1364 513 1385 possessionis
524 1364 600 1381 dictorum
612 1365 711 1381 canonicatus
722 1366 739 1381 et
751 1364 828 1385 prebende
839 1369 858 1381 ac
866 1365 968 1385 prepositure,
976 1364 997 1381 ob

229 1392 299 1407 nostram
311 1392 327 1407 et
338 1390 379 1407 dicte
390 1390 435 1406 Sedis
446 1390 548 1406 reverentiam
565 1390 628 1406 studeas
641 1391 656 1406 te
666 1390 765 1407 favorabilem
776 1390 853 1410 exhibere,
870 1390 930 1411 ipsique
941 1390 997 1407 nuntio

229 1416 282 1433 omnia
292 1417 309 1432 et
319 1416 385 1436 singula,
395 1420 423 1436 per
434 1417 455 1436 te,
465 1416 498 1432 sive
509 1417 537 1432 tuo
548 1416 580 1432 sive
587 1416 712 1437 predecessorum
723 1417 785 1432 tuorum
792 1416 943 1436 archiepisoopomm
954 1415 996 1432 Gne-

229 1442 309 1459 znensium
319 1441 408 1458 nominibus
418 1441 468 1458 eidem
479 1445 541 1458 camere
551 1443 604 1462 preter
611 1446 692 1458 commune
702 1442 782 1458 servitium
790 1441 848 1462 debita,
858 1442 892 1458 sine
903 1441 1000 1458 difficultate
