<?xml version="1.0" encoding="UTF-8"?>
<!DOCTYPE html PUBLIC "-//W3C//DTD XHTML 1.0 Transitional//EN"
    "http://www.w3.org/TR/xhtml1/DTD/xhtml1-transitional.dtd">
<html xmlns="http://www.w3.org/1999/xhtml" xml:lang="en" lang="en">
 <head>
  <title>
</title>
<meta http-equiv="Content-Type" content="text/html;charset=utf-8" />
  <meta name='ocr-system' content='tesseract 3.04.00' />
  <meta name='ocr-capabilities' content='ocr_page ocr_carea ocr_par ocr_line ocrx_word'/>
</head>
<body>
  <div class='ocr_page' id='page_1' title='image "./codexdiplomatic02zakrgoog_0479.png"; bbox 0 0 1219 1821; ppageno 0'>
   <div class='ocr_carea' id='block_1_1' title="bbox 956 268 993 286">
    <p class='ocr_par' dir='ltr' id='par_1_1' title="bbox 956 268 993 286">
     <span class='ocr_line' id='line_1_1' title="bbox 956 268 993 286; baseline 0 0"><span class='ocrx_word' id='word_1_1' title='bbox 956 268 993 286; x_wconf 77' lang='lat'>413</span> 
     </span>
    </p>
   </div>
   <div class='ocr_carea' id='block_1_2' title="bbox 208 318 1000 1516">
    <p class='ocr_par' dir='ltr' id='par_1_2' title="bbox 208 318 1000 1516">
     <span class='ocr_line' id='line_1_2' title="bbox 226 318 992 339; baseline 0 -4"><span class='ocrx_word' id='word_1_2' title='bbox 226 319 242 336; x_wconf 90' lang='lat' dir='ltr'>in</span> <span class='ocrx_word' id='word_1_3' title='bbox 254 318 321 339; x_wconf 76' lang='lat' dir='ltr'>Christo,</span> <span class='ocrx_word' id='word_1_4' title='bbox 333 318 400 335; x_wconf 83' lang='lat' dir='ltr'>dominis</span> <span class='ocrx_word' id='word_1_5' title='bbox 410 320 509 335; x_wconf 69' lang='lat' dir='ltr'>sacrosancte</span> <span class='ocrx_word' id='word_1_6' title='bbox 519 318 590 335; x_wconf 80' lang='lat' dir='ltr'>Romane</span> <span class='ocrx_word' id='word_1_7' title='bbox 600 318 664 335; x_wconf 78' lang='lat' dir='ltr'>ecclesie</span> <span class='ocrx_word' id='word_1_8' title='bbox 675 318 739 335; x_wconf 82' lang='lat' dir='ltr'>summis</span> <span class='ocrx_word' id='word_1_9' title='bbox 750 318 853 339; x_wconf 81' lang='lat' dir='ltr'>pontificibus,</span> <span class='ocrx_word' id='word_1_10' title='bbox 864 319 881 335; x_wconf 81' lang='lat' dir='ltr'>et</span> <span class='ocrx_word' id='word_1_11' title='bbox 891 318 911 335; x_wconf 86' lang='lat' dir='ltr'>ab</span> <span class='ocrx_word' id='word_1_12' title='bbox 921 318 956 335; x_wconf 78' lang='lat' dir='ltr'>aliis</span> <span class='ocrx_word' id='word_1_13' title='bbox 967 323 992 334; x_wconf 73' lang='lat' dir='ltr'>ur-</span> 
     </span>
     <span class='ocr_line' id='line_1_3' title="bbox 226 344 994 366; baseline -0.001 -5"><span class='ocrx_word' id='word_1_14' title='bbox 226 345 334 366; x_wconf 67' lang='lat' dir='ltr'>chiepiscopis,</span> <span class='ocrx_word' id='word_1_15' title='bbox 345 344 427 365; x_wconf 82' lang='lat' dir='ltr'>episcopis,</span> <span class='ocrx_word' id='word_1_16' title='bbox 439 344 483 361; x_wconf 81' lang='lat' dir='ltr'>Sedis</span> <span class='ocrx_word' id='word_1_17' title='bbox 494 344 579 365; x_wconf 81' lang='lat' dir='ltr'>apostolice</span> <span class='ocrx_word' id='word_1_18' title='bbox 588 344 648 364; x_wconf 77' lang='lat' dir='ltr'>legatis,</span> <span class='ocrx_word' id='word_1_19' title='bbox 660 345 677 360; x_wconf 82' lang='lat' dir='ltr'>et</span> <span class='ocrx_word' id='word_1_20' title='bbox 687 348 697 360; x_wconf 91' lang='lat' dir='ltr'>a</span> <span class='ocrx_word' id='word_1_21' title='bbox 708 344 753 361; x_wconf 82' lang='lat' dir='ltr'>uobis</span> <span class='ocrx_word' id='word_1_22' title='bbox 763 344 810 361; x_wconf 88' lang='lat' dir='ltr'>editis</span> <span class='ocrx_word' id='word_1_23' title='bbox 821 346 837 361; x_wconf 82' lang='lat' dir='ltr'>et</span> <span class='ocrx_word' id='word_1_24' title='bbox 847 344 945 365; x_wconf 86' lang='lat' dir='ltr'>approbatis:</span> <span class='ocrx_word' id='word_1_25' title='bbox 955 348 994 364; x_wconf 71' lang='lat' dir='ltr'>qua⁴</span> 
     </span>
     <span class='ocr_line' id='line_1_4' title="bbox 227 369 993 390; baseline -0.001 -3"><span class='ocrx_word' id='word_1_26' title='bbox 227 375 262 387; x_wconf 90' lang='lat' dir='ltr'>rum</span> <span class='ocrx_word' id='word_1_27' title='bbox 273 370 404 387; x_wconf 83' lang='lat' dir='ltr'>constituciouum</span> <span class='ocrx_word' id='word_1_28' title='bbox 414 369 491 390; x_wconf 77' lang='lat' dir='ltr'>principia</span> <span class='ocrx_word' id='word_1_29' title='bbox 498 370 530 386; x_wconf 81' lang='lat' dir='ltr'>sive</span> <span class='ocrx_word' id='word_1_30' title='bbox 538 369 606 386; x_wconf 73' lang='lat' dir='ltr'><strong>clausule</strong></span> <span class='ocrx_word' id='word_1_31' title='bbox 615 369 635 386; x_wconf 83' lang='lat' dir='ltr'>ad</span> <span class='ocrx_word' id='word_1_32' title='bbox 643 369 740 390; x_wconf 82' lang='lat' dir='ltr'>propositum</span> <span class='ocrx_word' id='word_1_33' title='bbox 747 370 821 386; x_wconf 74' lang='lat' dir='ltr'>facientes</span> <span class='ocrx_word' id='word_1_34' title='bbox 828 371 915 390; x_wconf 84' lang='lat' dir='ltr'>sequuntur</span> <span class='ocrx_word' id='word_1_35' title='bbox 922 369 993 390; x_wconf 79' lang='lat' dir='ltr'>sequenti</span> 
     </span>
     <span class='ocr_line' id='line_1_5' title="bbox 226 395 994 416; baseline -0.001 -4"><span class='ocrx_word' id='word_1_36' title='bbox 226 396 256 412; x_wconf 84' lang='lat' dir='ltr'>sub</span> <span class='ocrx_word' id='word_1_37' title='bbox 267 397 329 412; x_wconf 78' lang='lat' dir='ltr'>tenore:</span> <span class='ocrx_word' id='word_1_38' title='bbox 344 396 366 412; x_wconf 89' lang='lat' dir='ltr'>Et</span> <span class='ocrx_word' id='word_1_39' title='bbox 380 396 435 416; x_wconf 81' lang='lat' dir='ltr'>primo,</span> <span class='ocrx_word' id='word_1_40' title='bbox 453 395 525 412; x_wconf 79' lang='lat' dir='ltr'>videlicet</span> <span class='ocrx_word' id='word_1_41' title='bbox 541 395 633 412; x_wconf 88' lang='lat' dir='ltr'>constitucio</span> <span class='ocrx_word' id='word_1_42' title='bbox 650 395 708 411; x_wconf 81' lang='lat' dir='ltr'>domini</span> <span class='ocrx_word' id='word_1_43' title='bbox 724 395 800 412; x_wconf 75' lang='lat' dir='ltr'>Bonifacii</span> <span class='ocrx_word' id='word_1_44' title='bbox 816 395 858 416; x_wconf 86' lang='lat' dir='ltr'>Pape</span> <span class='ocrx_word' id='word_1_45' title='bbox 868 395 918 412; x_wconf 75' lang='lat' dir='ltr'>octavi</span> <span class='ocrx_word' id='word_1_46' title='bbox 933 395 994 415; x_wconf 82' lang='lat' dir='ltr'>incipit:</span> 
     </span>
     <span class='ocr_line' id='line_1_6' title="bbox 226 421 993 442; baseline -0.001 -4"><span class='ocrx_word' id='word_1_47' title='bbox 226 421 334 442; x_wconf 70' lang='lat' dir='ltr'>Imperatores,</span> <span class='ocrx_word' id='word_1_48' title='bbox 347 426 391 442; x_wconf 64' lang='lat' dir='ltr'>reges</span> <span class='ocrx_word' id='word_1_49' title='bbox 401 425 429 437; x_wconf 83' lang='lat' dir='ltr'>seu</span> <span class='ocrx_word' id='word_1_50' title='bbox 443 421 525 441; x_wconf 73' lang='lat' dir='ltr'>principes,</span> <span class='ocrx_word' id='word_1_51' title='bbox 539 421 590 441; x_wconf 79' lang='lat' dir='ltr'>duces,</span> <span class='ocrx_word' id='word_1_52' title='bbox 602 421 666 437; x_wconf 81' lang='lat' dir='ltr'>comites</span> <span class='ocrx_word' id='word_1_53' title='bbox 676 421 701 437; x_wconf 88' lang='lat' dir='ltr'>vel</span> <span class='ocrx_word' id='word_1_54' title='bbox 710 421 780 441; x_wconf 82' lang='lat' dir='ltr'>barones,</span> <span class='ocrx_word' id='word_1_55' title='bbox 791 422 868 441; x_wconf 80' lang='lat' dir='ltr'>potentes,</span> <span class='ocrx_word' id='word_1_56' title='bbox 883 421 965 442; x_wconf 83' lang='lat' dir='ltr'>capitanei,</span> <span class='ocrx_word' id='word_1_57' title='bbox 977 421 993 437; x_wconf 86' lang='lat' dir='ltr'>et</span> 
     </span>
     <span class='ocr_line' id='line_1_7' title="bbox 227 446 994 467; baseline 0 -4"><span class='ocrx_word' id='word_1_58' title='bbox 227 446 309 467; x_wconf 83' lang='lat' dir='ltr'>officiales;</span> <span class='ocrx_word' id='word_1_59' title='bbox 321 448 337 463; x_wconf 82' lang='lat' dir='ltr'>ct</span> <span class='ocrx_word' id='word_1_60' title='bbox 346 447 389 467; x_wconf 83' lang='lat' dir='ltr'>item,</span> <span class='ocrx_word' id='word_1_61' title='bbox 400 446 458 463; x_wconf 88' lang='lat' dir='ltr'>domini</span> <span class='ocrx_word' id='word_1_62' title='bbox 470 446 555 462; x_wconf 84' lang='lat' dir='ltr'>Clementis</span> <span class='ocrx_word' id='word_1_63' title='bbox 565 446 607 467; x_wconf 87' lang='lat' dir='ltr'>Pape</span> <span class='ocrx_word' id='word_1_64' title='bbox 619 447 711 463; x_wconf 76' lang='lat' dir='ltr'>wnstitucio</span> <span class='ocrx_word' id='word_1_65' title='bbox 718 446 779 467; x_wconf 86' lang='lat' dir='ltr'>incipit:</span> <span class='ocrx_word' id='word_1_66' title='bbox 792 446 863 463; x_wconf 80' lang='lat' dir='ltr'>Clemens</span> <span class='ocrx_word' id='word_1_67' title='bbox 870 447 951 467; x_wconf 82' lang='lat' dir='ltr'>episcopus</span> <span class='ocrx_word' id='word_1_68' title='bbox 962 451 994 462; x_wconf 85' lang='lat' dir='ltr'>ser-</span> 
     </span>
     <span class='ocr_line' id='line_1_8' title="bbox 227 471 994 493; baseline 0 -5"><span class='ocrx_word' id='word_1_69' title='bbox 227 477 255 489; x_wconf 80' lang='lat' dir='ltr'>vus</span> <span class='ocrx_word' id='word_1_70' title='bbox 266 477 345 493; x_wconf 76' lang='lat' dir='ltr'>servorum</span> <span class='ocrx_word' id='word_1_71' title='bbox 356 472 390 492; x_wconf 90' lang='lat' dir='ltr'>Dei,</span> <span class='ocrx_word' id='word_1_72' title='bbox 401 472 421 488; x_wconf 68' lang='lat' dir='ltr'>ed</span> <span class='ocrx_word' id='word_1_73' title='bbox 431 473 522 492; x_wconf 88' lang='lat' dir='ltr'>perpetuam</span> <span class='ocrx_word' id='word_1_74' title='bbox 533 472 555 488; x_wconf 86' lang='lat' dir='ltr'>rei</span> <span class='ocrx_word' id='word_1_75' title='bbox 564 472 657 488; x_wconf 78' lang='lat' dir='ltr'>memoriam</span> <span class='ocrx_word' id='word_1_76' title='bbox 675 472 699 488; x_wconf 84' lang='lat' dir='ltr'>Ex</span> <span class='ocrx_word' id='word_1_77' title='bbox 706 472 813 493; x_wconf 77' lang='lat' dir='ltr'>frequentibus</span> <span class='ocrx_word' id='word_1_78' title='bbox 820 472 916 493; x_wconf 80' lang='lat' dir='ltr'>prelatorum</span> <span class='ocrx_word' id='word_1_79' title='bbox 927 471 994 492; x_wconf 73' lang='lat' dir='ltr'>querelis</span> 
     </span>
     <span class='ocr_line' id='line_1_9' title="bbox 227 497 995 518; baseline -0.001 -4"><span class='ocrx_word' id='word_1_80' title='bbox 227 498 315 518; x_wconf 79' lang='lat' dir='ltr'>accepimus</span> <span class='ocrx_word' id='word_1_81' title='bbox 325 499 363 517; x_wconf 82' lang='lat' dir='ltr'>etc.;</span> <span class='ocrx_word' id='word_1_82' title='bbox 374 497 416 517; x_wconf 72' lang='lat' dir='ltr'>item,</span> <span class='ocrx_word' id='word_1_83' title='bbox 427 497 519 514; x_wconf 74' lang='lat' dir='ltr'>constitucio</span> <span class='ocrx_word' id='word_1_84' title='bbox 530 497 588 513; x_wconf 89' lang='lat' dir='ltr'>domini</span> <span class='ocrx_word' id='word_1_85' title='bbox 600 497 660 514; x_wconf 86' lang='lat' dir='ltr'>Urbani</span> <span class='ocrx_word' id='word_1_86' title='bbox 670 497 712 518; x_wconf 79' lang='lat' dir='ltr'>Pape</span> <span class='ocrx_word' id='word_1_87' title='bbox 723 498 806 518; x_wconf 85' lang='lat' dir='ltr'>incipiens:</span> <span class='ocrx_word' id='word_1_88' title='bbox 820 497 892 514; x_wconf 82' lang='lat' dir='ltr'>Veritate</span> <span class='ocrx_word' id='word_1_89' title='bbox 901 497 995 518; x_wconf 76' lang='lat' dir='ltr'>cwangeliea</span> 
     </span>
     <span class='ocr_line' id='line_1_10' title="bbox 227 522 995 544; baseline -0.003 -4"><span class='ocrx_word' id='word_1_90' title='bbox 227 525 313 540; x_wconf 74' lang='lat' dir='ltr'>attestante</span> <span class='ocrx_word' id='word_1_91' title='bbox 324 523 428 544; x_wconf 84' lang='lat' dir='ltr'>cognovimus,</span> <span class='ocrx_word' id='word_1_92' title='bbox 438 522 479 543; x_wconf 81' lang='lat' dir='ltr'>quod</span> <span class='ocrx_word' id='word_1_93' title='bbox 490 522 513 538; x_wconf 88' lang='lat' dir='ltr'>illi</span> <span class='ocrx_word' id='word_1_94' title='bbox 524 527 534 539; x_wconf 82' lang='lat' dir='ltr'>a</span> <span class='ocrx_word' id='word_1_95' title='bbox 545 522 578 539; x_wconf 85' lang='lat' dir='ltr'>Deo</span> <span class='ocrx_word' id='word_1_96' title='bbox 589 522 631 539; x_wconf 68' lang='lat' dir='ltr'>beati</span> <span class='ocrx_word' id='word_1_97' title='bbox 645 524 743 544; x_wconf 80' lang='lat' dir='ltr'>reputantur,</span> <span class='ocrx_word' id='word_1_98' title='bbox 758 523 784 544; x_wconf 77' lang='lat' dir='ltr'>qui</span> <span class='ocrx_word' id='word_1_99' title='bbox 796 523 920 544; x_wconf 83' lang='lat' dir='ltr'>persecutionem</span> <span class='ocrx_word' id='word_1_100' title='bbox 931 524 995 543; x_wconf 83' lang='lat' dir='ltr'>propter</span> 
     </span>
     <span class='ocr_line' id='line_1_11' title="bbox 227 548 995 569; baseline 0 -4"><span class='ocrx_word' id='word_1_101' title='bbox 227 549 305 566; x_wconf 83' lang='lat' dir='ltr'>iusticiam</span> <span class='ocrx_word' id='word_1_102' title='bbox 316 549 405 569; x_wconf 75' lang='lat' dir='ltr'>patiuntur3</span> <span class='ocrx_word' id='word_1_103' title='bbox 417 549 460 569; x_wconf 73' lang='lat' dir='ltr'>itemy</span> <span class='ocrx_word' id='word_1_104' title='bbox 471 548 564 565; x_wconf 83' lang='lat' dir='ltr'>constitucio</span> <span class='ocrx_word' id='word_1_105' title='bbox 576 548 649 565; x_wconf 77' lang='lat' dir='ltr'>Fulmnis</span> <span class='ocrx_word' id='word_1_106' title='bbox 661 549 725 565; x_wconf 79' lang='lat' dir='ltr'>cundum</span> <span class='ocrx_word' id='word_1_107' title='bbox 736 549 848 569; x_wconf 82' lang='lat' dir='ltr'>archiepiscopi</span> <span class='ocrx_word' id='word_1_108' title='bbox 865 548 960 565; x_wconf 83' lang='lat' dir='ltr'>Gueznensis</span> <span class='ocrx_word' id='word_1_109' title='bbox 972 548 995 564; x_wconf 85' lang='lat' dir='ltr'>in-</span> 
     </span>
     <span class='ocr_line' id='line_1_12' title="bbox 227 574 995 595; baseline -0.001 -4"><span class='ocrx_word' id='word_1_110' title='bbox 227 575 274 595; x_wconf 87' lang='lat' dir='ltr'>cipit:</span> <span class='ocrx_word' id='word_1_111' title='bbox 286 575 362 594; x_wconf 72' lang='lat' dir='ltr'>Quoniam</span> <span class='ocrx_word' id='word_1_112' title='bbox 373 575 428 591; x_wconf 82' lang='lat' dir='ltr'>contra</span> <span class='ocrx_word' id='word_1_113' title='bbox 438 574 521 590; x_wconf 81' lang='lat' dir='ltr'>violatores</span> <span class='ocrx_word' id='word_1_114' title='bbox 532 574 632 590; x_wconf 81' lang='lat' dir='ltr'>eeclesiarum</span> <span class='ocrx_word' id='word_1_115' title='bbox 643 576 659 591; x_wconf 87' lang='lat' dir='ltr'>et</span> <span class='ocrx_word' id='word_1_116' title='bbox 671 574 805 595; x_wconf 77' lang='lat' dir='ltr'>cymmeteriorum</span> <span class='ocrx_word' id='word_1_117' title='bbox 816 578 855 594; x_wconf 84' lang='lat' dir='ltr'>pene</span> <span class='ocrx_word' id='word_1_118' title='bbox 867 574 900 590; x_wconf 84' lang='lat' dir='ltr'>sint</span> <span class='ocrx_word' id='word_1_119' title='bbox 913 578 924 590; x_wconf 69' lang='lat' dir='ltr'><strong>a</strong></span> <span class='ocrx_word' id='word_1_120' title='bbox 932 574 995 590; x_wconf 84' lang='lat' dir='ltr'>cunoni-</span> 
     </span>
     <span class='ocr_line' id='line_1_13' title="bbox 227 599 995 621; baseline -0.001 -4"><span class='ocrx_word' id='word_1_121' title='bbox 227 600 256 617; x_wconf 87' lang='lat' dir='ltr'>bus</span> <span class='ocrx_word' id='word_1_122' title='bbox 268 601 327 617; x_wconf 76' lang='lat' dir='ltr'>statute</span> <span class='ocrx_word' id='word_1_123' title='bbox 338 601 377 620; x_wconf 75' lang='lat' dir='ltr'>etc.;</span> <span class='ocrx_word' id='word_1_124' title='bbox 388 600 431 620; x_wconf 81' lang='lat' dir='ltr'>item,</span> <span class='ocrx_word' id='word_1_125' title='bbox 444 599 537 616; x_wconf 84' lang='lat' dir='ltr'>oonstitucio</span> <span class='ocrx_word' id='word_1_126' title='bbox 549 599 607 616; x_wconf 85' lang='lat' dir='ltr'>domini</span> <span class='ocrx_word' id='word_1_127' title='bbox 623 599 680 621; x_wconf 80' lang='lat' dir='ltr'>Ianusy</span> <span class='ocrx_word' id='word_1_128' title='bbox 695 599 759 617; x_wconf 69' lang='lat' dir='ltr'>condam</span> <span class='ocrx_word' id='word_1_129' title='bbox 774 599 886 620; x_wconf 79' lang='lat' dir='ltr'>archiepiscopi</span> <span class='ocrx_word' id='word_1_130' title='bbox 900 599 995 616; x_wconf 79' lang='lat' dir='ltr'>Guezueusis</span> 
     </span>
     <span class='ocr_line' id='line_1_14' title="bbox 227 625 995 646; baseline -0.001 -4"><span class='ocrx_word' id='word_1_131' title='bbox 227 628 244 642; x_wconf 87' lang='lat' dir='ltr'>et</span> <span class='ocrx_word' id='word_1_132' title='bbox 255 626 321 642; x_wconf 82' lang='lat' dir='ltr'>aliorum</span> <span class='ocrx_word' id='word_1_133' title='bbox 330 625 437 646; x_wconf 80' lang='lat' dir='ltr'>episcoporum</span> <span class='ocrx_word' id='word_1_134' title='bbox 448 625 511 646; x_wconf 83' lang='lat' dir='ltr'>incipit:</span> <span class='ocrx_word' id='word_1_135' title='bbox 525 625 570 641; x_wconf 83' lang='lat' dir='ltr'>Unde</span> <span class='ocrx_word' id='word_1_136' title='bbox 583 625 659 646; x_wconf 81' lang='lat' dir='ltr'>volumus,</span> <span class='ocrx_word' id='word_1_137' title='bbox 675 627 693 642; x_wconf 91' lang='lat' dir='ltr'>ut</span> <span class='ocrx_word' id='word_1_138' title='bbox 709 625 794 642; x_wconf 81' lang='lat' dir='ltr'>communis</span> <span class='ocrx_word' id='word_1_139' title='bbox 803 626 884 645; x_wconf 73' lang='lat' dir='ltr'>reputetur</span> <span class='ocrx_word' id='word_1_140' title='bbox 896 625 953 641; x_wconf 80' lang='lat' dir='ltr'>iniuria</span> <span class='ocrx_word' id='word_1_141' title='bbox 963 625 995 646; x_wconf 91' lang='lat' dir='ltr'>epi-</span> 
     </span>
     <span class='ocr_line' id='line_1_15' title="bbox 228 650 994 672; baseline -0.001 -4"><span class='ocrx_word' id='word_1_142' title='bbox 228 656 310 672; x_wconf 81' lang='lat' dir='ltr'>scoporum</span> <span class='ocrx_word' id='word_1_143' title='bbox 322 653 338 667; x_wconf 87' lang='lat' dir='ltr'>et</span> <span class='ocrx_word' id='word_1_144' title='bbox 348 651 444 671; x_wconf 68' lang='lat' dir='ltr'>prelatorum</span> <span class='ocrx_word' id='word_1_145' title='bbox 455 651 524 667; x_wconf 76' lang='lat' dir='ltr'>omnium</span> <span class='ocrx_word' id='word_1_146' title='bbox 535 652 574 671; x_wconf 81' lang='lat' dir='ltr'>ete.;</span> <span class='ocrx_word' id='word_1_147' title='bbox 582 651 632 671; x_wconf 72' lang='lat' dir='ltr'>vitem,</span> <span class='ocrx_word' id='word_1_148' title='bbox 646 651 738 667; x_wconf 82' lang='lat' dir='ltr'>constitucio</span> <span class='ocrx_word' id='word_1_149' title='bbox 752 651 811 667; x_wconf 87' lang='lat' dir='ltr'>domini</span> <span class='ocrx_word' id='word_1_150' title='bbox 820 650 872 671; x_wconf 82' lang='lat' dir='ltr'>Iauisy</span> <span class='ocrx_word' id='word_1_151' title='bbox 883 651 918 672; x_wconf 86' lang='lat' dir='ltr'>(sic)</span> <span class='ocrx_word' id='word_1_152' title='bbox 930 650 994 667; x_wconf 85' lang='lat' dir='ltr'>condam</span> 
     </span>
     <span class='ocr_line' id='line_1_16' title="bbox 227 675 994 697; baseline 0 -5"><span class='ocrx_word' id='word_1_153' title='bbox 227 676 340 697; x_wconf 79' lang='lat' dir='ltr'>archiepiscopi</span> <span class='ocrx_word' id='word_1_154' title='bbox 351 676 447 693; x_wconf 64' lang='lat' dir='ltr'>[inmensis</span> <span class='ocrx_word' id='word_1_155' title='bbox 455 676 517 696; x_wconf 78' lang='lat' dir='ltr'>incipit:</span> <span class='ocrx_word' id='word_1_156' title='bbox 529 675 620 696; x_wconf 74' lang='lat' dir='ltr'>Statuimus,</span> <span class='ocrx_word' id='word_1_157' title='bbox 629 678 647 692; x_wconf 88' lang='lat' dir='ltr'>ut</span> <span class='ocrx_word' id='word_1_158' title='bbox 656 676 703 696; x_wconf 83' lang='lat' dir='ltr'>locus,</span> <span class='ocrx_word' id='word_1_159' title='bbox 711 676 731 693; x_wconf 79' lang='lat' dir='ltr'>ad</span> <span class='ocrx_word' id='word_1_160' title='bbox 739 681 785 697; x_wconf 89' lang='lat' dir='ltr'>quem</span> <span class='ocrx_word' id='word_1_161' title='bbox 792 676 883 692; x_wconf 84' lang='lat' dir='ltr'>clericorum</span> <span class='ocrx_word' id='word_1_162' title='bbox 890 676 914 692; x_wconf 91' lang='lat' dir='ltr'>vel</span> <span class='ocrx_word' id='word_1_163' title='bbox 922 676 994 693; x_wconf 65' lang='lat' dir='ltr'>ecclosia-</span> 
     </span>
     <span class='ocr_line' id='line_1_17' title="bbox 228 701 996 722; baseline 0 -4"><span class='ocrx_word' id='word_1_164' title='bbox 228 707 263 718; x_wconf 90' lang='lat' dir='ltr'>rum</span> <span class='ocrx_word' id='word_1_165' title='bbox 271 706 296 718; x_wconf 84' lang='lat' dir='ltr'>res</span> <span class='ocrx_word' id='word_1_166' title='bbox 307 706 335 718; x_wconf 82' lang='lat' dir='ltr'>seu</span> <span class='ocrx_word' id='word_1_167' title='bbox 345 701 453 718; x_wconf 67' lang='lat' dir='ltr'>habitantium</span> <span class='ocrx_word' id='word_1_168' title='bbox 464 702 480 718; x_wconf 92' lang='lat' dir='ltr'>iu</span> <span class='ocrx_word' id='word_1_169' title='bbox 487 701 532 718; x_wconf 84' lang='lat' dir='ltr'>bonis</span> <span class='ocrx_word' id='word_1_170' title='bbox 543 703 559 718; x_wconf 89' lang='lat' dir='ltr'>et</span> <span class='ocrx_word' id='word_1_171' title='bbox 566 702 607 718; x_wconf 84' lang='lat' dir='ltr'>villis</span> <span class='ocrx_word' id='word_1_172' title='bbox 615 702 698 718; x_wconf 83' lang='lat' dir='ltr'>eorundem</span> <span class='ocrx_word' id='word_1_173' title='bbox 706 702 758 718; x_wconf 76' lang='lat' dir='ltr'>ablate</span> <span class='ocrx_word' id='word_1_174' title='bbox 765 706 792 718; x_wconf 85' lang='lat' dir='ltr'>seu</span> <span class='ocrx_word' id='word_1_175' title='bbox 800 703 861 722; x_wconf 76' lang='lat' dir='ltr'>recepte</span> <span class='ocrx_word' id='word_1_176' title='bbox 869 706 897 722; x_wconf 82' lang='lat' dir='ltr'>per</span> <span class='ocrx_word' id='word_1_177' title='bbox 905 702 996 718; x_wconf 68' lang='lat' dir='ltr'>violenciam</span> 
     </span>
     <span class='ocr_line' id='line_1_18' title="bbox 227 727 996 747; baseline 0 -4"><span class='ocrx_word' id='word_1_178' title='bbox 227 727 330 747; x_wconf 75' lang='lat' dir='ltr'>deducuntur,</span> <span class='ocrx_word' id='word_1_179' title='bbox 341 727 446 743; x_wconf 59' lang='lat' dir='ltr'>ecclesiastico</span> <span class='ocrx_word' id='word_1_180' title='bbox 457 728 565 747; x_wconf 73' lang='lat' dir='ltr'>supponantur</span> <span class='ocrx_word' id='word_1_181' title='bbox 578 727 662 744; x_wconf 74' lang='lat' dir='ltr'>interdicto</span> <span class='ocrx_word' id='word_1_182' title='bbox 677 729 716 747; x_wconf 82' lang='lat' dir='ltr'>etc.;</span> <span class='ocrx_word' id='word_1_183' title='bbox 731 727 774 747; x_wconf 77' lang='lat' dir='ltr'>item,</span> <span class='ocrx_word' id='word_1_184' title='bbox 787 727 880 743; x_wconf 77' lang='lat' dir='ltr'>coustitueio</span> <span class='ocrx_word' id='word_1_185' title='bbox 890 727 949 743; x_wconf 78' lang='lat' dir='ltr'>domini</span> <span class='ocrx_word' id='word_1_186' title='bbox 959 727 996 743; x_wconf 88' lang='lat' dir='ltr'>Phi-</span> 
     </span>
     <span class='ocr_line' id='line_1_19' title="bbox 228 752 996 774; baseline 0 -5"><span class='ocrx_word' id='word_1_187' title='bbox 228 753 266 774; x_wconf 84' lang='lat' dir='ltr'>lippi</span> <span class='ocrx_word' id='word_1_188' title='bbox 276 753 345 769; x_wconf 76' lang='lat' dir='ltr'>Firmani</span> <span class='ocrx_word' id='word_1_189' title='bbox 356 753 429 773; x_wconf 79' lang='lat' dir='ltr'>episcopi,</span> <span class='ocrx_word' id='word_1_190' title='bbox 440 752 505 769; x_wconf 83' lang='lat' dir='ltr'>condam</span> <span class='ocrx_word' id='word_1_191' title='bbox 517 752 561 769; x_wconf 79' lang='lat' dir='ltr'>Sedis</span> <span class='ocrx_word' id='word_1_192' title='bbox 572 753 657 773; x_wconf 77' lang='lat' dir='ltr'>apostolice</span> <span class='ocrx_word' id='word_1_193' title='bbox 669 753 717 773; x_wconf 73' lang='lat' dir='ltr'>legati</span> <span class='ocrx_word' id='word_1_194' title='bbox 726 753 789 773; x_wconf 82' lang='lat' dir='ltr'>incipit:</span> <span class='ocrx_word' id='word_1_195' title='bbox 799 752 847 769; x_wconf 83' lang='lat' dir='ltr'>Nulla</span> <span class='ocrx_word' id='word_1_196' title='bbox 854 753 916 769; x_wconf 66' lang='lat' dir='ltr'>acione</span> <span class='ocrx_word' id='word_1_197' title='bbox 927 752 996 769; x_wconf 82' lang='lat' dir='ltr'>valentes</span> 
     </span>
     <span class='ocr_line' id='line_1_20' title="bbox 228 778 996 799; baseline 0.001 -5"><span class='ocrx_word' id='word_1_198' title='bbox 228 780 288 795; x_wconf 77' lang='lat' dir='ltr'>tantam</span> <span class='ocrx_word' id='word_1_199' title='bbox 299 778 398 799; x_wconf 84' lang='lat' dir='ltr'>iniquitatem</span> <span class='ocrx_word' id='word_1_200' title='bbox 408 780 425 794; x_wconf 92' lang='lat' dir='ltr'>et</span> <span class='ocrx_word' id='word_1_201' title='bbox 435 778 553 798; x_wconf 75' lang='lat' dir='ltr'>perversitatem</span> <span class='ocrx_word' id='word_1_202' title='bbox 565 778 682 795; x_wconf 73' lang='lat' dir='ltr'>conniventibus</span> <span class='ocrx_word' id='word_1_203' title='bbox 693 779 742 795; x_wconf 86' lang='lat' dir='ltr'>oculis</span> <span class='ocrx_word' id='word_1_204' title='bbox 756 778 850 799; x_wconf 83' lang='lat' dir='ltr'>pertransire</span> <span class='ocrx_word' id='word_1_205' title='bbox 865 780 902 798; x_wconf 81' lang='lat' dir='ltr'>ete.;</span> <span class='ocrx_word' id='word_1_206' title='bbox 915 779 958 798; x_wconf 74' lang='lat' dir='ltr'>item.</span> <span class='ocrx_word' id='word_1_207' title='bbox 973 778 996 795; x_wconf 88' lang='lat' dir='ltr'>al-</span> 
     </span>
     <span class='ocr_line' id='line_1_21' title="bbox 228 803 996 825; baseline 0 -5"><span class='ocrx_word' id='word_1_208' title='bbox 228 806 263 821; x_wconf 73' lang='lat' dir='ltr'>tera</span> <span class='ocrx_word' id='word_1_209' title='bbox 273 804 365 820; x_wconf 81' lang='lat' dir='ltr'>coustitueio</span> <span class='ocrx_word' id='word_1_210' title='bbox 376 803 444 820; x_wconf 78' lang='lat' dir='ltr'>eiusdem</span> <span class='ocrx_word' id='word_1_211' title='bbox 454 803 513 820; x_wconf 84' lang='lat' dir='ltr'>domiui</span> <span class='ocrx_word' id='word_1_212' title='bbox 523 804 592 820; x_wconf 79' lang='lat' dir='ltr'>Firmani</span> <span class='ocrx_word' id='word_1_213' title='bbox 603 804 666 825; x_wconf 79' lang='lat' dir='ltr'>incipit:</span> <span class='ocrx_word' id='word_1_214' title='bbox 677 804 702 821; x_wconf 78' lang='lat' dir='ltr'>Ab</span> <span class='ocrx_word' id='word_1_215' title='bbox 712 804 811 825; x_wconf 82' lang='lat' dir='ltr'>antiquorum</span> <span class='ocrx_word' id='word_1_216' title='bbox 819 805 836 820; x_wconf 91' lang='lat' dir='ltr'>et</span> <span class='ocrx_word' id='word_1_217' title='bbox 846 804 922 820; x_wconf 78' lang='lat' dir='ltr'>maiorum</span> <span class='ocrx_word' id='word_1_218' title='bbox 933 808 996 821; x_wconf 85' lang='lat' dir='ltr'>suorum</span> 
     </span>
     <span class='ocr_line' id='line_1_22' title="bbox 227 829 996 850; baseline 0.001 -5"><span class='ocrx_word' id='word_1_219' title='bbox 227 829 300 846; x_wconf 81' lang='lat' dir='ltr'>videntur</span> <span class='ocrx_word' id='word_1_220' title='bbox 311 829 380 850; x_wconf 67' lang='lat' dir='ltr'>vestigiis</span> <span class='ocrx_word' id='word_1_221' title='bbox 391 829 459 849; x_wconf 82' lang='lat' dir='ltr'>deviare,</span> <span class='ocrx_word' id='word_1_222' title='bbox 470 829 497 849; x_wconf 84' lang='lat' dir='ltr'>qui</span> <span class='ocrx_word' id='word_1_223' title='bbox 508 829 580 846; x_wconf 77' lang='lat' dir='ltr'>ecclesias</span> <span class='ocrx_word' id='word_1_224' title='bbox 591 829 634 850; x_wconf 83' lang='lat' dir='ltr'>ipsas</span> <span class='ocrx_word' id='word_1_225' title='bbox 644 831 661 846; x_wconf 81' lang='lat' dir='ltr'>et</span> <span class='ocrx_word' id='word_1_226' title='bbox 668 834 721 846; x_wconf 84' lang='lat' dir='ltr'>earum</span> <span class='ocrx_word' id='word_1_227' title='bbox 732 829 773 846; x_wconf 80' lang='lat' dir='ltr'>bona</span> <span class='ocrx_word' id='word_1_228' title='bbox 782 834 810 846; x_wconf 88' lang='lat' dir='ltr'>seu</span> <span class='ocrx_word' id='word_1_229' title='bbox 819 830 853 846; x_wconf 80' lang='lat' dir='ltr'>iura</span> <span class='ocrx_word' id='word_1_230' title='bbox 864 830 948 846; x_wconf 82' lang='lat' dir='ltr'>destruunt</span> <span class='ocrx_word' id='word_1_231' title='bbox 958 831 996 850; x_wconf 57' lang='grc' dir='ltr'>ωας</span> 
     </span>
     <span class='ocr_line' id='line_1_23' title="bbox 208 855 997 876; baseline -0.001 -4"><span class='ocrx_word' id='word_1_232' title='bbox 208 872 212 876; x_wconf 77' lang='grc'>,</span> <span class='ocrx_word' id='word_1_233' title='bbox 228 855 271 875; x_wconf 68' lang='lat' dir='ltr'>item,</span> <span class='ocrx_word' id='word_1_234' title='bbox 282 855 376 871; x_wconf 83' lang='lat' dir='ltr'>constitucio</span> <span class='ocrx_word' id='word_1_235' title='bbox 387 856 441 871; x_wconf 81' lang='lat' dir='ltr'>nostra</span> <span class='ocrx_word' id='word_1_236' title='bbox 452 859 499 875; x_wconf 87' lang='lat' dir='ltr'>super</span> <span class='ocrx_word' id='word_1_237' title='bbox 511 855 588 876; x_wconf 76' lang='lat' dir='ltr'>principes</span> <span class='ocrx_word' id='word_1_238' title='bbox 600 857 617 872; x_wconf 77' lang='lat' dir='ltr'>et</span> <span class='ocrx_word' id='word_1_239' title='bbox 627 855 693 872; x_wconf 83' lang='lat' dir='ltr'>barones</span> <span class='ocrx_word' id='word_1_240' title='bbox 707 855 769 876; x_wconf 77' lang='lat' dir='ltr'>incipit:</span> <span class='ocrx_word' id='word_1_241' title='bbox 784 855 817 872; x_wconf 82' lang='lat' dir='ltr'>Nos</span> <span class='ocrx_word' id='word_1_242' title='bbox 828 855 907 871; x_wconf 76' lang='lat' dir='ltr'>laroslaus</span> <span class='ocrx_word' id='word_1_243' title='bbox 919 855 939 871; x_wconf 79' lang='lat' dir='ltr'>de</span> <span class='ocrx_word' id='word_1_244' title='bbox 949 855 997 872; x_wconf 78' lang='lat' dir='ltr'>Boriu</span> 
     </span>
     <span class='ocr_line' id='line_1_24' title="bbox 227 879 997 902; baseline 0 -5"><span class='ocrx_word' id='word_1_245' title='bbox 227 881 265 902; x_wconf 87' lang='lat' dir='ltr'>(sic)</span> <span class='ocrx_word' id='word_1_246' title='bbox 275 882 314 897; x_wconf 67' lang='lat' dir='ltr'>etc:</span> <span class='ocrx_word' id='word_1_247' title='bbox 325 885 379 897; x_wconf 73' lang='lat' dir='ltr'>omnes</span> <span class='ocrx_word' id='word_1_248' title='bbox 389 881 406 896; x_wconf 91' lang='lat' dir='ltr'>et</span> <span class='ocrx_word' id='word_1_249' title='bbox 416 879 482 900; x_wconf 74' lang='lat' dir='ltr'>quilibet</span> <span class='ocrx_word' id='word_1_250' title='bbox 497 880 594 901; x_wconf 81' lang='lat' dir='ltr'>spoliatores,</span> <span class='ocrx_word' id='word_1_251' title='bbox 610 880 724 901; x_wconf 77' lang='lat' dir='ltr'>depredatores,</span> <span class='ocrx_word' id='word_1_252' title='bbox 740 881 852 901; x_wconf 67' lang='lat' dir='ltr'>molestatores,</span> <span class='ocrx_word' id='word_1_253' title='bbox 868 882 968 901; x_wconf 71' lang='lat' dir='ltr'>occupatores</span> <span class='ocrx_word' id='word_1_254' title='bbox 978 885 997 897; x_wconf 82' lang='lat' dir='ltr'>uc</span> 
     </span>
     <span class='ocr_line' id='line_1_25' title="bbox 228 905 997 927; baseline 0 -4"><span class='ocrx_word' id='word_1_255' title='bbox 228 906 304 923; x_wconf 84' lang='lat' dir='ltr'>violentos</span> <span class='ocrx_word' id='word_1_256' title='bbox 315 906 404 922; x_wconf 61' lang='lat' dir='ltr'>detentores</span> <span class='ocrx_word' id='word_1_257' title='bbox 415 905 490 922; x_wconf 84' lang='lat' dir='ltr'>bonorum</span> <span class='ocrx_word' id='word_1_258' title='bbox 501 905 565 922; x_wconf 78' lang='lat' dir='ltr'>ecclesie</span> <span class='ocrx_word' id='word_1_259' title='bbox 576 906 686 927; x_wconf 83' lang='lat' dir='ltr'>hominumque</span> <span class='ocrx_word' id='word_1_260' title='bbox 697 907 751 927; x_wconf 78' lang='lat' dir='ltr'>ipsius,</span> <span class='ocrx_word' id='word_1_261' title='bbox 762 908 779 923; x_wconf 94' lang='lat' dir='ltr'>et</span> <span class='ocrx_word' id='word_1_262' title='bbox 789 906 827 927; x_wconf 82' lang='lat' dir='ltr'>ipsis</span> <span class='ocrx_word' id='word_1_263' title='bbox 837 906 898 927; x_wconf 86' lang='lat' dir='ltr'>publice</span> <span class='ocrx_word' id='word_1_264' title='bbox 909 907 926 923; x_wconf 88' lang='lat' dir='ltr'>et</span> <span class='ocrx_word' id='word_1_265' title='bbox 936 906 997 923; x_wconf 75' lang='lat' dir='ltr'>occulte</span> 
     </span>
     <span class='ocr_line' id='line_1_26' title="bbox 228 931 996 953; baseline 0.001 -6"><span class='ocrx_word' id='word_1_266' title='bbox 228 936 292 952; x_wconf 75' lang='lat' dir='ltr'>opernm</span> <span class='ocrx_word' id='word_1_267' title='bbox 303 932 319 947; x_wconf 92' lang='lat' dir='ltr'>in</span> <span class='ocrx_word' id='word_1_268' title='bbox 330 931 388 947; x_wconf 75' lang='lat' dir='ltr'>eisdem</span> <span class='ocrx_word' id='word_1_269' title='bbox 399 931 458 952; x_wconf 81' lang='lat' dir='ltr'>rupinis</span> <span class='ocrx_word' id='word_1_270' title='bbox 469 933 486 947; x_wconf 85' lang='lat' dir='ltr'>et</span> <span class='ocrx_word' id='word_1_271' title='bbox 496 931 531 947; x_wconf 88' lang='lat' dir='ltr'>aliis</span> <span class='ocrx_word' id='word_1_272' title='bbox 542 932 616 952; x_wconf 82' lang='lat' dir='ltr'>predictis</span> <span class='ocrx_word' id='word_1_273' title='bbox 627 932 713 952; x_wconf 86' lang='lat' dir='ltr'>consilium,</span> <span class='ocrx_word' id='word_1_274' title='bbox 726 932 800 949; x_wconf 81' lang='lat' dir='ltr'>auxilium</span> <span class='ocrx_word' id='word_1_275' title='bbox 815 933 832 949; x_wconf 86' lang='lat' dir='ltr'>et</span> <span class='ocrx_word' id='word_1_276' title='bbox 842 932 911 949; x_wconf 79' lang='lat' dir='ltr'>favorem</span> <span class='ocrx_word' id='word_1_277' title='bbox 926 933 996 953; x_wconf 77' lang='lat' dir='ltr'>prestm-</span> 
     </span>
     <span class='ocr_line' id='line_1_27' title="bbox 228 957 997 979; baseline 0 -5"><span class='ocrx_word' id='word_1_278' title='bbox 228 959 257 978; x_wconf 71' lang='lat' dir='ltr'>tes,</span> <span class='ocrx_word' id='word_1_279' title='bbox 268 957 284 973; x_wconf 90' lang='lat' dir='ltr'>in</span> <span class='ocrx_word' id='word_1_280' title='bbox 294 957 458 973; x_wconf 63' lang='lat' dir='ltr'>excommunicacionis</span> <span class='ocrx_word' id='word_1_281' title='bbox 470 961 546 973; x_wconf 83' lang='lat' dir='ltr'>summam</span> <span class='ocrx_word' id='word_1_282' title='bbox 558 957 591 978; x_wconf 82' lang='lat' dir='ltr'>ipso</span> <span class='ocrx_word' id='word_1_283' title='bbox 603 957 644 974; x_wconf 73' lang='lat' dir='ltr'>iacto</span> <span class='ocrx_word' id='word_1_284' title='bbox 656 958 688 974; x_wconf 88' lang='lat' dir='ltr'>sint</span> <span class='ocrx_word' id='word_1_285' title='bbox 699 958 773 979; x_wconf 79' lang='lat' dir='ltr'>prolapsi,</span> <span class='ocrx_word' id='word_1_286' title='bbox 784 959 801 974; x_wconf 90' lang='lat' dir='ltr'>et</span> <span class='ocrx_word' id='word_1_287' title='bbox 811 959 857 978; x_wconf 87' lang='lat' dir='ltr'>terre,</span> <span class='ocrx_word' id='word_1_288' title='bbox 873 957 960 978; x_wconf 81' lang='lat' dir='ltr'>districtus,</span> <span class='ocrx_word' id='word_1_289' title='bbox 971 962 997 974; x_wconf 79' lang='lat' dir='ltr'>cu-</span> 
     </span>
     <span class='ocr_line' id='line_1_28' title="bbox 229 982 997 1004; baseline 0 -5"><span class='ocrx_word' id='word_1_290' title='bbox 229 984 268 1003; x_wconf 68' lang='lat' dir='ltr'>stra,</span> <span class='ocrx_word' id='word_1_291' title='bbox 279 983 355 1002; x_wconf 59' lang='lat' dir='ltr'>civitates,</span> <span class='ocrx_word' id='word_1_292' title='bbox 367 982 428 1003; x_wconf 83' lang='lat' dir='ltr'>oppida,</span> <span class='ocrx_word' id='word_1_293' title='bbox 445 982 481 999; x_wconf 85' lang='lat' dir='ltr'>ville</span> <span class='ocrx_word' id='word_1_294' title='bbox 492 984 508 999; x_wconf 88' lang='lat' dir='ltr'>et</span> <span class='ocrx_word' id='word_1_295' title='bbox 518 987 572 999; x_wconf 87' lang='lat' dir='ltr'>omnes</span> <span class='ocrx_word' id='word_1_296' title='bbox 583 983 647 999; x_wconf 82' lang='lat' dir='ltr'>ecclesie</span> <span class='ocrx_word' id='word_1_297' title='bbox 658 984 674 1000; x_wconf 92' lang='lat' dir='ltr'>in</span> <span class='ocrx_word' id='word_1_298' title='bbox 685 983 743 1000; x_wconf 84' lang='lat' dir='ltr'>eisdem</span> <span class='ocrx_word' id='word_1_299' title='bbox 754 983 816 1004; x_wconf 79' lang='lat' dir='ltr'>situate,</span> <span class='ocrx_word' id='word_1_300' title='bbox 832 983 896 1004; x_wconf 81' lang='lat' dir='ltr'>locaque</span> <span class='ocrx_word' id='word_1_301' title='bbox 907 984 924 1000; x_wconf 86' lang='lat' dir='ltr'>et</span> <span class='ocrx_word' id='word_1_302' title='bbox 934 983 997 1003; x_wconf 85' lang='lat' dir='ltr'>allodia,</span> 
     </span>
     <span class='ocr_line' id='line_1_29' title="bbox 228 1005 997 1030; baseline 0.001 -6"><span class='ocrx_word' id='word_1_303' title='bbox 228 1009 248 1025; x_wconf 75' lang='lat' dir='ltr'>ad</span> <span class='ocrx_word' id='word_1_304' title='bbox 259 1013 303 1029; x_wconf 75' lang='lat' dir='ltr'>quas,</span> <span class='ocrx_word' id='word_1_305' title='bbox 315 1008 335 1024; x_wconf 85' lang='lat' dir='ltr'>ad</span> <span class='ocrx_word' id='word_1_306' title='bbox 346 1012 385 1028; x_wconf 87' lang='lat' dir='ltr'>quos</span> <span class='ocrx_word' id='word_1_307' title='bbox 396 1009 413 1024; x_wconf 88' lang='lat' dir='ltr'>et</span> <span class='ocrx_word' id='word_1_308' title='bbox 423 1008 443 1024; x_wconf 86' lang='lat' dir='ltr'>ad</span> <span class='ocrx_word' id='word_1_309' title='bbox 454 1012 485 1028; x_wconf 88' lang='lat' dir='ltr'>que</span> <span class='ocrx_word' id='word_1_310' title='bbox 492 1005 538 1028; x_wconf 69' lang='lat' dir='ltr'>bona,</span> <span class='ocrx_word' id='word_1_311' title='bbox 548 1009 603 1029; x_wconf 84' lang='lat' dir='ltr'>spolia,</span> <span class='ocrx_word' id='word_1_312' title='bbox 614 1009 666 1030; x_wconf 81' lang='lat' dir='ltr'>prede,</span> <span class='ocrx_word' id='word_1_313' title='bbox 677 1014 702 1025; x_wconf 80' lang='lat' dir='ltr'>res</span> <span class='ocrx_word' id='word_1_314' title='bbox 716 1009 831 1030; x_wconf 78' lang='lat' dir='ltr'>qualescunque</span> <span class='ocrx_word' id='word_1_315' title='bbox 841 1009 910 1025; x_wconf 58' lang='lat' dir='ltr'>ecclesiis</span> <span class='ocrx_word' id='word_1_316' title='bbox 920 1010 937 1025; x_wconf 92' lang='lat' dir='ltr'>et</span> <span class='ocrx_word' id='word_1_317' title='bbox 948 1008 997 1025; x_wconf 81' lang='lat' dir='ltr'>horni-</span> 
     </span>
     <span class='ocr_line' id='line_1_30' title="bbox 228 1033 997 1055; baseline 0 -5"><span class='ocrx_word' id='word_1_318' title='bbox 228 1034 273 1050; x_wconf 84' lang='lat' dir='ltr'>nibus</span> <span class='ocrx_word' id='word_1_319' title='bbox 284 1034 349 1050; x_wconf 81' lang='lat' dir='ltr'>ecclesie</span> <span class='ocrx_word' id='word_1_320' title='bbox 360 1038 388 1054; x_wconf 85' lang='lat' dir='ltr'>per</span> <span class='ocrx_word' id='word_1_321' title='bbox 399 1033 489 1050; x_wconf 76' lang='lat' dir='ltr'>violenciam</span> <span class='ocrx_word' id='word_1_322' title='bbox 501 1035 550 1054; x_wconf 76' lang='lat' dir='ltr'>rapte,</span> <span class='ocrx_word' id='word_1_323' title='bbox 561 1034 629 1051; x_wconf 77' lang='lat' dir='ltr'>alienate</span> <span class='ocrx_word' id='word_1_324' title='bbox 639 1035 742 1055; x_wconf 77' lang='lat' dir='ltr'>deducuntur,</span> <span class='ocrx_word' id='word_1_325' title='bbox 757 1034 861 1051; x_wconf 82' lang='lat' dir='ltr'>ecclesiastico</span> <span class='ocrx_word' id='word_1_326' title='bbox 876 1034 959 1051; x_wconf 77' lang='lat' dir='ltr'>interdicto</span> <span class='ocrx_word' id='word_1_327' title='bbox 970 1034 997 1051; x_wconf 84' lang='lat' dir='ltr'>de-</span> 
     </span>
     <span class='ocr_line' id='line_1_31' title="bbox 229 1059 997 1080; baseline 0.001 -5"><span class='ocrx_word' id='word_1_328' title='bbox 229 1059 266 1076; x_wconf 87' lang='lat' dir='ltr'>bent</span> <span class='ocrx_word' id='word_1_329' title='bbox 277 1059 356 1075; x_wconf 84' lang='lat' dir='ltr'>subiacere</span> <span class='ocrx_word' id='word_1_330' title='bbox 367 1060 384 1075; x_wconf 91' lang='lat' dir='ltr'>et</span> <span class='ocrx_word' id='word_1_331' title='bbox 393 1059 473 1075; x_wconf 76' lang='lat' dir='ltr'>subiacent</span> <span class='ocrx_word' id='word_1_332' title='bbox 487 1059 536 1075; x_wconf 84' lang='lat' dir='ltr'>eciam</span> <span class='ocrx_word' id='word_1_333' title='bbox 547 1059 581 1080; x_wconf 85' lang='lat' dir='ltr'>ipso</span> <span class='ocrx_word' id='word_1_334' title='bbox 595 1059 637 1076; x_wconf 69' lang='lat' dir='ltr'>iacto</span> <span class='ocrx_word' id='word_1_335' title='bbox 653 1061 670 1076; x_wconf 92' lang='lat' dir='ltr'>et</span> <span class='ocrx_word' id='word_1_336' title='bbox 681 1060 721 1077; x_wconf 89' lang='lat' dir='ltr'>iure:</span> <span class='ocrx_word' id='word_1_337' title='bbox 737 1060 787 1080; x_wconf 90' lang='lat' dir='ltr'>Unde,</span> <span class='ocrx_word' id='word_1_338' title='bbox 799 1065 834 1076; x_wconf 90' lang='lat' dir='ltr'>cum</span> <span class='ocrx_word' id='word_1_339' title='bbox 848 1060 923 1076; x_wconf 82' lang='lat' dir='ltr'>fratribus</span> <span class='ocrx_word' id='word_1_340' title='bbox 939 1060 997 1076; x_wconf 88' lang='lat' dir='ltr'>uostris</span> 
     </span>
     <span class='ocr_line' id='line_1_32' title="bbox 229 1084 998 1106; baseline -0.001 -4"><span class='ocrx_word' id='word_1_341' title='bbox 229 1085 302 1106; x_wconf 80' lang='lat' dir='ltr'>Capitulo</span> <span class='ocrx_word' id='word_1_342' title='bbox 313 1084 401 1101; x_wconf 73' lang='lat' dir='ltr'>Gneznensi</span> <span class='ocrx_word' id='word_1_343' title='bbox 412 1086 429 1100; x_wconf 90' lang='lat' dir='ltr'>et</span> <span class='ocrx_word' id='word_1_344' title='bbox 438 1089 473 1100; x_wconf 89' lang='lat' dir='ltr'>cum</span> <span class='ocrx_word' id='word_1_345' title='bbox 485 1084 524 1101; x_wconf 83' lang='lat' dir='ltr'>iuris</span> <span class='ocrx_word' id='word_1_346' title='bbox 541 1085 595 1105; x_wconf 83' lang='lat' dir='ltr'>peritis</span> <span class='ocrx_word' id='word_1_347' title='bbox 606 1085 661 1102; x_wconf 79' lang='lat' dir='ltr'>habito</span> <span class='ocrx_word' id='word_1_348' title='bbox 674 1085 731 1102; x_wconf 87' lang='lat' dir='ltr'>salubri</span> <span class='ocrx_word' id='word_1_349' title='bbox 747 1085 811 1102; x_wconf 70' lang='lat' dir='ltr'>musilio</span> <span class='ocrx_word' id='word_1_350' title='bbox 821 1087 838 1102; x_wconf 92' lang='lat' dir='ltr'>et</span> <span class='ocrx_word' id='word_1_351' title='bbox 848 1085 928 1102; x_wconf 86' lang='lat' dir='ltr'>nobiscum</span> <span class='ocrx_word' id='word_1_352' title='bbox 940 1085 998 1102; x_wconf 85' lang='lat' dir='ltr'>delibe-</span> 
     </span>
     <span class='ocr_line' id='line_1_33' title="bbox 229 1109 996 1132; baseline 0 -5"><span class='ocrx_word' id='word_1_353' title='bbox 229 1111 290 1127; x_wconf 76' lang='lat' dir='ltr'>racione</span> <span class='ocrx_word' id='word_1_354' title='bbox 299 1110 381 1131; x_wconf 79' lang='lat' dir='ltr'>prehabita</span> <span class='ocrx_word' id='word_1_355' title='bbox 392 1109 467 1130; x_wconf 76' lang='lat' dir='ltr'>diligenti,</span> <span class='ocrx_word' id='word_1_356' title='bbox 482 1110 520 1130; x_wconf 86' lang='lat' dir='ltr'>quia</span> <span class='ocrx_word' id='word_1_357' title='bbox 530 1112 594 1131; x_wconf 74' lang='lat' dir='ltr'>propter</span> <span class='ocrx_word' id='word_1_358' title='bbox 610 1112 656 1127; x_wconf 76' lang='lat' dir='ltr'>tauta</span> <span class='ocrx_word' id='word_1_359' title='bbox 667 1111 708 1128; x_wconf 88' lang='lat' dir='ltr'>mala</span> <span class='ocrx_word' id='word_1_360' title='bbox 720 1112 752 1127; x_wconf 79' lang='lat' dir='ltr'>tarn</span> <span class='ocrx_word' id='word_1_361' title='bbox 769 1111 864 1127; x_wconf 69' lang='lat' dir='ltr'>horribiliter</span> <span class='ocrx_word' id='word_1_362' title='bbox 878 1112 969 1132; x_wconf 81' lang='lat' dir='ltr'>perpetrata</span> <span class='ocrx_word' id='word_1_363' title='bbox 979 1111 996 1127; x_wconf 89' lang='lat' dir='ltr'>in</span> 
     </span>
     <span class='ocr_line' id='line_1_34' title="bbox 230 1135 998 1158; baseline 0.001 -6"><span class='ocrx_word' id='word_1_364' title='bbox 230 1137 306 1156; x_wconf 73' lang='lat' dir='ltr'>nostrum,</span> <span class='ocrx_word' id='word_1_365' title='bbox 317 1135 381 1152; x_wconf 86' lang='lat' dir='ltr'>ecclcsic</span> <span class='ocrx_word' id='word_1_366' title='bbox 392 1136 446 1151; x_wconf 85' lang='lat' dir='ltr'>nostre</span> <span class='ocrx_word' id='word_1_367' title='bbox 456 1136 541 1152; x_wconf 79' lang='lat' dir='ltr'>maximum</span> <span class='ocrx_word' id='word_1_368' title='bbox 548 1136 650 1156; x_wconf 83' lang='lat' dir='ltr'>preiudieiurn</span> <span class='ocrx_word' id='word_1_369' title='bbox 661 1138 678 1153; x_wconf 90' lang='lat' dir='ltr'>et</span> <span class='ocrx_word' id='word_1_370' title='bbox 684 1141 772 1158; x_wconf 76' lang='lat' dir='ltr'>gravamen,</span> <span class='ocrx_word' id='word_1_371' title='bbox 783 1137 846 1158; x_wconf 74' lang='lat' dir='ltr'>dignum</span> <span class='ocrx_word' id='word_1_372' title='bbox 857 1137 930 1153; x_wconf 84' lang='lat' dir='ltr'>duximus</span> <span class='ocrx_word' id='word_1_373' title='bbox 943 1138 959 1153; x_wconf 82' lang='lat' dir='ltr'>et</span> <span class='ocrx_word' id='word_1_374' title='bbox 966 1136 998 1157; x_wconf 72' lang='lat' dir='ltr'>iugi</span> 
     </span>
     <span class='ocr_line' id='line_1_35' title="bbox 232 1162 997 1183; baseline 0 -5"><span class='ocrx_word' id='word_1_375' title='bbox 232 1162 335 1178; x_wconf 81' lang='lat' dir='ltr'>meditacione</span> <span class='ocrx_word' id='word_1_376' title='bbox 345 1166 423 1182; x_wconf 84' lang='lat' dir='ltr'>urgemur,</span> <span class='ocrx_word' id='word_1_377' title='bbox 434 1163 452 1177; x_wconf 91' lang='lat' dir='ltr'>ut</span> <span class='ocrx_word' id='word_1_378' title='bbox 463 1163 518 1178; x_wconf 75' lang='lat' dir='ltr'>eontra</span> <span class='ocrx_word' id='word_1_379' title='bbox 529 1163 604 1182; x_wconf 70' lang='lat' dir='ltr'>raptores,</span> <span class='ocrx_word' id='word_1_380' title='bbox 616 1162 691 1183; x_wconf 77' lang='lat' dir='ltr'>predones</span> <span class='ocrx_word' id='word_1_381' title='bbox 706 1164 723 1179; x_wconf 78' lang='lat' dir='ltr'>et</span> <span class='ocrx_word' id='word_1_382' title='bbox 733 1162 811 1179; x_wconf 82' lang='lat' dir='ltr'>maleficos</span> <span class='ocrx_word' id='word_1_383' title='bbox 826 1162 887 1179; x_wconf 84' lang='lat' dir='ltr'>eosdem</span> <span class='ocrx_word' id='word_1_384' title='bbox 902 1162 961 1178; x_wconf 82' lang='lat' dir='ltr'>ultione</span> <span class='ocrx_word' id='word_1_385' title='bbox 971 1166 997 1178; x_wconf 59' lang='lat' dir='ltr'>ca,-</span> 
     </span>
     <span class='ocr_line' id='line_1_36' title="bbox 229 1187 998 1208; baseline 0 -5"><span class='ocrx_word' id='word_1_386' title='bbox 229 1188 285 1204; x_wconf 84' lang='lat' dir='ltr'>nonica</span> <span class='ocrx_word' id='word_1_387' title='bbox 296 1187 340 1203; x_wconf 85' lang='lat' dir='ltr'>iuxta</span> <span class='ocrx_word' id='word_1_388' title='bbox 351 1187 471 1203; x_wconf 85' lang='lat' dir='ltr'>constituciones</span> <span class='ocrx_word' id='word_1_389' title='bbox 488 1187 572 1208; x_wconf 74' lang='lat' dir='ltr'>prephatus</span> <span class='ocrx_word' id='word_1_390' title='bbox 583 1188 689 1208; x_wconf 79' lang='lat' dir='ltr'>procedemus,</span> <span class='ocrx_word' id='word_1_391' title='bbox 703 1193 723 1204; x_wconf 88' lang='lat' dir='ltr'>ne</span> <span class='ocrx_word' id='word_1_392' title='bbox 737 1188 804 1204; x_wconf 74' lang='lat' dir='ltr'>facilitas</span> <span class='ocrx_word' id='word_1_393' title='bbox 815 1188 859 1204; x_wconf 87' lang='lat' dir='ltr'>venie</span> <span class='ocrx_word' id='word_1_394' title='bbox 875 1187 895 1204; x_wconf 85' lang='lat' dir='ltr'>ad</span> <span class='ocrx_word' id='word_1_395' title='bbox 908 1187 965 1204; x_wconf 85' lang='lat' dir='ltr'>similia</span> <span class='ocrx_word' id='word_1_396' title='bbox 975 1187 998 1204; x_wconf 84' lang='lat' dir='ltr'>fa-</span> 
     </span>
     <span class='ocr_line' id='line_1_37' title="bbox 232 1212 997 1234; baseline 0 -5"><span class='ocrx_word' id='word_1_397' title='bbox 232 1213 286 1229; x_wconf 70' lang='lat' dir='ltr'>cienda</span> <span class='ocrx_word' id='word_1_398' title='bbox 297 1213 332 1229; x_wconf 83' lang='lat' dir='ltr'>aliis</span> <span class='ocrx_word' id='word_1_399' title='bbox 343 1212 408 1233; x_wconf 76' lang='lat' dir='ltr'>prodeat</span> <span class='ocrx_word' id='word_1_400' title='bbox 424 1212 440 1228; x_wconf 92' lang='lat' dir='ltr'>iu</span> <span class='ocrx_word' id='word_1_401' title='bbox 455 1213 580 1229; x_wconf 74' lang='lat' dir='ltr'>excusacionem:</span> <span class='ocrx_word' id='word_1_402' title='bbox 597 1218 636 1234; x_wconf 80' lang='lat' dir='ltr'>quos</span> <span class='ocrx_word' id='word_1_403' title='bbox 647 1214 687 1230; x_wconf 89' lang='lat' dir='ltr'>enirn</span> <span class='ocrx_word' id='word_1_404' title='bbox 699 1214 747 1230; x_wconf 74' lang='lat' dir='ltr'>timor</span> <span class='ocrx_word' id='word_1_405' title='bbox 762 1214 791 1230; x_wconf 84' lang='lat' dir='ltr'>Dei</span> <span class='ocrx_word' id='word_1_406' title='bbox 805 1218 815 1230; x_wconf 86' lang='lat' dir='ltr'>a</span> <span class='ocrx_word' id='word_1_407' title='bbox 827 1214 868 1229; x_wconf 85' lang='lat' dir='ltr'>malo</span> <span class='ocrx_word' id='word_1_408' title='bbox 885 1218 915 1230; x_wconf 89' lang='lat' dir='ltr'>non</span> <span class='ocrx_word' id='word_1_409' title='bbox 930 1214 997 1233; x_wconf 67' lang='lat' dir='ltr'>revocet¹</span> 
     </span>
     <span class='ocr_line' id='line_1_38' title="bbox 229 1238 998 1260; baseline 0 -5"><span class='ocrx_word' id='word_1_410' title='bbox 229 1239 285 1255; x_wconf 77' lang='lat' dir='ltr'>saltem</span> <span class='ocrx_word' id='word_1_411' title='bbox 297 1239 367 1254; x_wconf 86' lang='lat' dir='ltr'>coerceat</span> <span class='ocrx_word' id='word_1_412' title='bbox 377 1238 452 1254; x_wconf 79' lang='lat' dir='ltr'>severitas</span> <span class='ocrx_word' id='word_1_413' title='bbox 463 1238 567 1255; x_wconf 77' lang='lat' dir='ltr'>ecclesiastice</span> <span class='ocrx_word' id='word_1_414' title='bbox 578 1239 666 1260; x_wconf 81' lang='lat' dir='ltr'>discipline:</span> <span class='ocrx_word' id='word_1_415' title='bbox 683 1241 777 1255; x_wconf 82' lang='lat' dir='ltr'>memoratos</span> <span class='ocrx_word' id='word_1_416' title='bbox 793 1239 889 1260; x_wconf 70' lang='lat' dir='ltr'>Stephanum</span> <span class='ocrx_word' id='word_1_417' title='bbox 900 1239 998 1259; x_wconf 75' lang='lat' dir='ltr'>capitaneum</span> 
     </span>
     <span class='ocr_line' id='line_1_39' title="bbox 230 1264 998 1285; baseline 0.001 -5"><span class='ocrx_word' id='word_1_418' title='bbox 230 1266 246 1280; x_wconf 87' lang='lat' dir='ltr'>et</span> <span class='ocrx_word' id='word_1_419' title='bbox 257 1264 286 1280; x_wconf 85' lang='lat' dir='ltr'>sibi</span> <span class='ocrx_word' id='word_1_420' title='bbox 298 1264 380 1283; x_wconf 74' lang='lat' dir='ltr'>subiectoS,</span> <span class='ocrx_word' id='word_1_421' title='bbox 391 1268 410 1280; x_wconf 73' lang='lat' dir='ltr'>ac</span> <span class='ocrx_word' id='word_1_422' title='bbox 422 1264 470 1280; x_wconf 79' lang='lat' dir='ltr'>eciam</span> <span class='ocrx_word' id='word_1_423' title='bbox 483 1264 595 1285; x_wconf 65' lang='lat' dir='ltr'>malefactores,</span> <span class='ocrx_word' id='word_1_424' title='bbox 606 1265 699 1285; x_wconf 83' lang='lat' dir='ltr'>spoliatores</span> <span class='ocrx_word' id='word_1_425' title='bbox 707 1265 783 1281; x_wconf 85' lang='lat' dir='ltr'>bonorum</span> <span class='ocrx_word' id='word_1_426' title='bbox 791 1266 884 1284; x_wconf 86' lang='lat' dir='ltr'>nostrorum,</span> <span class='ocrx_word' id='word_1_427' title='bbox 894 1264 958 1281; x_wconf 78' lang='lat' dir='ltr'>ecclesie</span> <span class='ocrx_word' id='word_1_428' title='bbox 970 1269 998 1280; x_wconf 89' lang='lat' dir='ltr'>no-</span> 
     </span>
     <span class='ocr_line' id='line_1_40' title="bbox 228 1289 997 1311; baseline 0.001 -6"><span class='ocrx_word' id='word_1_429' title='bbox 228 1292 261 1306; x_wconf 82' lang='lat' dir='ltr'>stre</span> <span class='ocrx_word' id='word_1_430' title='bbox 268 1291 285 1306; x_wconf 88' lang='lat' dir='ltr'>et</span> <span class='ocrx_word' id='word_1_431' title='bbox 291 1289 370 1305; x_wconf 87' lang='lat' dir='ltr'>hominum</span> <span class='ocrx_word' id='word_1_432' title='bbox 377 1291 465 1305; x_wconf 86' lang='lat' dir='ltr'>nostrorum</span> <span class='ocrx_word' id='word_1_433' title='bbox 476 1290 547 1310; x_wconf 83' lang='lat' dir='ltr'>superius</span> <span class='ocrx_word' id='word_1_434' title='bbox 553 1291 645 1311; x_wconf 78' lang='lat' dir='ltr'>nominatos,</span> <span class='ocrx_word' id='word_1_435' title='bbox 655 1292 672 1307; x_wconf 89' lang='lat' dir='ltr'>et</span> <span class='ocrx_word' id='word_1_436' title='bbox 677 1295 730 1307; x_wconf 62' lang='lat' dir='ltr'>omues</span> <span class='ocrx_word' id='word_1_437' title='bbox 736 1291 815 1311; x_wconf 79' lang='lat' dir='ltr'>auxilium,</span> <span class='ocrx_word' id='word_1_438' title='bbox 822 1290 902 1306; x_wconf 86' lang='lat' dir='ltr'>consilium</span> <span class='ocrx_word' id='word_1_439' title='bbox 908 1292 925 1307; x_wconf 94' lang='lat' dir='ltr'>et</span> <span class='ocrx_word' id='word_1_440' title='bbox 930 1290 997 1307; x_wconf 81' lang='lat' dir='ltr'>savorem</span> 
     </span>
     <span class='ocr_line' id='line_1_41' title="bbox 230 1315 998 1337; baseline 0.001 -6"><span class='ocrx_word' id='word_1_441' title='bbox 230 1316 246 1332; x_wconf 91' lang='lat' dir='ltr'>in</span> <span class='ocrx_word' id='word_1_442' title='bbox 252 1315 309 1332; x_wconf 82' lang='lat' dir='ltr'>eisdem</span> <span class='ocrx_word' id='word_1_443' title='bbox 315 1315 434 1335; x_wconf 67' lang='lat' dir='ltr'>spolinciouibus</span> <span class='ocrx_word' id='word_1_444' title='bbox 442 1315 503 1336; x_wconf 82' lang='lat' dir='ltr'>publice</span> <span class='ocrx_word' id='word_1_445' title='bbox 509 1316 533 1332; x_wconf 87' lang='lat' dir='ltr'>vel</span> <span class='ocrx_word' id='word_1_446' title='bbox 541 1316 601 1332; x_wconf 80' lang='lat' dir='ltr'>occulte</span> <span class='ocrx_word' id='word_1_447' title='bbox 607 1317 699 1337; x_wconf 76' lang='lat' dir='ltr'>prestantes,</span> <span class='ocrx_word' id='word_1_448' title='bbox 706 1316 759 1332; x_wconf 75' lang='lat' dir='ltr'>taliter</span> <span class='ocrx_word' id='word_1_449' title='bbox 766 1318 784 1332; x_wconf 93' lang='lat' dir='ltr'>ut</span> <span class='ocrx_word' id='word_1_450' title='bbox 790 1316 887 1337; x_wconf 82' lang='lat' dir='ltr'>premittitur</span> <span class='ocrx_word' id='word_1_451' title='bbox 892 1320 910 1332; x_wconf 81' lang='lat' dir='ltr'>ex</span> <span class='ocrx_word' id='word_1_452' title='bbox 918 1316 933 1332; x_wconf 86' lang='lat' dir='ltr'>vi</span> <span class='ocrx_word' id='word_1_453' title='bbox 940 1315 998 1332; x_wconf 77' lang='lat' dir='ltr'>consti-</span> 
     </span>
     <span class='ocr_line' id='line_1_42' title="bbox 229 1341 998 1362; baseline 0 -5"><span class='ocrx_word' id='word_1_454' title='bbox 229 1341 308 1358; x_wconf 87' lang='lat' dir='ltr'>tucionum</span> <span class='ocrx_word' id='word_1_455' title='bbox 314 1342 330 1357; x_wconf 92' lang='lat' dir='ltr'>et</span> <span class='ocrx_word' id='word_1_456' title='bbox 339 1341 397 1357; x_wconf 82' lang='lat' dir='ltr'>virtute</span> <span class='ocrx_word' id='word_1_457' title='bbox 402 1341 507 1362; x_wconf 71' lang='lat' dir='ltr'>predictarum</span> <span class='ocrx_word' id='word_1_458' title='bbox 515 1342 655 1358; x_wconf 81' lang='lat' dir='ltr'>excommunicatos</span> <span class='ocrx_word' id='word_1_459' title='bbox 662 1342 772 1359; x_wconf 81' lang='lat' dir='ltr'>denunciamus</span> <span class='ocrx_word' id='word_1_460' title='bbox 778 1342 793 1358; x_wconf 89' lang='lat' dir='ltr'>in</span> <span class='ocrx_word' id='word_1_461' title='bbox 800 1341 830 1358; x_wconf 85' lang='lat' dir='ltr'>hiis</span> <span class='ocrx_word' id='word_1_462' title='bbox 836 1341 905 1362; x_wconf 78' lang='lat' dir='ltr'>scriptis3</span> <span class='ocrx_word' id='word_1_463' title='bbox 913 1343 968 1362; x_wconf 72' lang='lat' dir='ltr'>terras,</span> <span class='ocrx_word' id='word_1_464' title='bbox 975 1341 998 1357; x_wconf 86' lang='lat' dir='ltr'>di-</span> 
     </span>
     <span class='ocr_line' id='line_1_43' title="bbox 228 1366 998 1388; baseline 0 -5"><span class='ocrx_word' id='word_1_465' title='bbox 228 1367 297 1387; x_wconf 80' lang='lat' dir='ltr'>strictus,</span> <span class='ocrx_word' id='word_1_466' title='bbox 306 1368 362 1386; x_wconf 75' lang='lat' dir='ltr'>eastra.</span> <span class='ocrx_word' id='word_1_467' title='bbox 371 1366 447 1386; x_wconf 70' lang='lat' dir='ltr'>civitates,</span> <span class='ocrx_word' id='word_1_468' title='bbox 455 1367 516 1388; x_wconf 74' lang='lat' dir='ltr'>oppida,</span> <span class='ocrx_word' id='word_1_469' title='bbox 524 1367 574 1387; x_wconf 85' lang='lat' dir='ltr'>villas,</span> <span class='ocrx_word' id='word_1_470' title='bbox 582 1367 621 1388; x_wconf 85' lang='lat' dir='ltr'>loca,</span> <span class='ocrx_word' id='word_1_471' title='bbox 629 1367 686 1384; x_wconf 84' lang='lat' dir='ltr'>allodia</span> <span class='ocrx_word' id='word_1_472' title='bbox 693 1368 723 1384; x_wconf 80' lang='lat' dir='ltr'>iam</span> <span class='ocrx_word' id='word_1_473' title='bbox 731 1367 779 1387; x_wconf 78' lang='lat' dir='ltr'>dicta,</span> <span class='ocrx_word' id='word_1_474' title='bbox 787 1367 858 1383; x_wconf 83' lang='lat' dir='ltr'>videlicet</span> <span class='ocrx_word' id='word_1_475' title='bbox 865 1367 960 1387; x_wconf 85' lang='lat' dir='ltr'>Plocenseru,</span> <span class='ocrx_word' id='word_1_476' title='bbox 968 1366 998 1383; x_wconf 82' lang='lat' dir='ltr'>Za·</span> 
     </span>
     <span class='ocr_line' id='line_1_44' title="bbox 229 1392 999 1413; baseline 0 -5"><span class='ocrx_word' id='word_1_477' title='bbox 229 1393 349 1412; x_wconf 81' lang='lat' dir='ltr'>crocimicnsem,</span> <span class='ocrx_word' id='word_1_478' title='bbox 360 1392 493 1413; x_wconf 81' lang='lat' dir='ltr'>Visegrodensem,</span> <span class='ocrx_word' id='word_1_479' title='bbox 501 1393 624 1413; x_wconf 79' lang='lat' dir='ltr'>Varsoviensem,</span> <span class='ocrx_word' id='word_1_480' title='bbox 634 1393 729 1413; x_wconf 84' lang='lat' dir='ltr'>Cirnensem,</span> <span class='ocrx_word' id='word_1_481' title='bbox 737 1393 827 1411; x_wconf 69' lang='lat' dir='ltr'>navensem,</span> <span class='ocrx_word' id='word_1_482' title='bbox 836 1392 974 1409; x_wconf 84' lang='lat' dir='ltr'>Sochacovieusem</span> <span class='ocrx_word' id='word_1_483' title='bbox 982 1393 999 1409; x_wconf 86' lang='lat' dir='ltr'>et</span> 
     </span>
     <span class='ocr_line' id='line_1_45' title="bbox 228 1418 998 1439; baseline 0 -5"><span class='ocrx_word' id='word_1_484' title='bbox 228 1418 343 1437; x_wconf 80' lang='lat' dir='ltr'>Gostinensem,</span> <span class='ocrx_word' id='word_1_485' title='bbox 350 1419 367 1434; x_wconf 87' lang='lat' dir='ltr'>et</span> <span class='ocrx_word' id='word_1_486' title='bbox 374 1418 422 1434; x_wconf 84' lang='lat' dir='ltr'>eciam</span> <span class='ocrx_word' id='word_1_487' title='bbox 430 1418 502 1434; x_wconf 81' lang='lat' dir='ltr'>ecclesias</span> <span class='ocrx_word' id='word_1_488' title='bbox 509 1423 562 1435; x_wconf 88' lang='lat' dir='ltr'>omues</span> <span class='ocrx_word' id='word_1_489' title='bbox 570 1420 586 1435; x_wconf 87' lang='lat' dir='ltr'>et</span> <span class='ocrx_word' id='word_1_490' title='bbox 593 1419 668 1439; x_wconf 76' lang='lat' dir='ltr'>singulas,</span> <span class='ocrx_word' id='word_1_491' title='bbox 675 1418 771 1435; x_wconf 69' lang='lat' dir='ltr'>monasteria</span> <span class='ocrx_word' id='word_1_492' title='bbox 777 1419 794 1434; x_wconf 90' lang='lat' dir='ltr'>et</span> <span class='ocrx_word' id='word_1_493' title='bbox 801 1418 873 1435; x_wconf 69' lang='lat' dir='ltr'>abbacias</span> <span class='ocrx_word' id='word_1_494' title='bbox 881 1418 897 1434; x_wconf 90' lang='lat' dir='ltr'>iu</span> <span class='ocrx_word' id='word_1_495' title='bbox 903 1418 960 1434; x_wconf 85' lang='lat' dir='ltr'>eisdem</span> <span class='ocrx_word' id='word_1_496' title='bbox 966 1419 998 1434; x_wconf 72' lang='lat' dir='ltr'>ter-</span> 
     </span>
     <span class='ocr_line' id='line_1_46' title="bbox 228 1443 997 1465; baseline 0 -5"><span class='ocrx_word' id='word_1_497' title='bbox 228 1444 255 1464; x_wconf 84' lang='lat' dir='ltr'>ris,</span> <span class='ocrx_word' id='word_1_498' title='bbox 265 1444 368 1463; x_wconf 83' lang='lat' dir='ltr'>districtibus,</span> <span class='ocrx_word' id='word_1_499' title='bbox 377 1443 437 1463; x_wconf 73' lang='lat' dir='ltr'>castris.</span> <span class='ocrx_word' id='word_1_500' title='bbox 445 1443 539 1464; x_wconf 76' lang='lat' dir='ltr'>civitatibus,</span> <span class='ocrx_word' id='word_1_501' title='bbox 546 1444 607 1465; x_wconf 83' lang='lat' dir='ltr'>oppidis</span> <span class='ocrx_word' id='word_1_502' title='bbox 615 1445 632 1460; x_wconf 83' lang='lat' dir='ltr'>et</span> <span class='ocrx_word' id='word_1_503' title='bbox 639 1444 681 1460; x_wconf 84' lang='lat' dir='ltr'>villis</span> <span class='ocrx_word' id='word_1_504' title='bbox 688 1445 705 1460; x_wconf 90' lang='lat' dir='ltr'>et</span> <span class='ocrx_word' id='word_1_505' title='bbox 711 1444 748 1460; x_wconf 86' lang='lat' dir='ltr'>aliis</span> <span class='ocrx_word' id='word_1_506' title='bbox 755 1444 793 1460; x_wconf 87' lang='lat' dir='ltr'>locis</span> <span class='ocrx_word' id='word_1_507' title='bbox 800 1443 919 1464; x_wconf 80' lang='lat' dir='ltr'>quibuscunque</span> <span class='ocrx_word' id='word_1_508' title='bbox 926 1443 997 1464; x_wconf 76' lang='lat' dir='ltr'>situatas,</span> 
     </span>
     <span class='ocr_line' id='line_1_47' title="bbox 228 1469 998 1490; baseline 0 -4"><span class='ocrx_word' id='word_1_509' title='bbox 228 1471 245 1486; x_wconf 85' lang='lat' dir='ltr'>et</span> <span class='ocrx_word' id='word_1_510' title='bbox 253 1469 341 1490; x_wconf 77' lang='lat' dir='ltr'>specialiter</span> <span class='ocrx_word' id='word_1_511' title='bbox 351 1469 441 1486; x_wconf 80' lang='lat' dir='ltr'>Ploceusem</span> <span class='ocrx_word' id='word_1_512' title='bbox 452 1469 533 1486; x_wconf 81' lang='lat' dir='ltr'>ecclesiam</span> <span class='ocrx_word' id='word_1_513' title='bbox 540 1469 648 1486; x_wconf 77' lang='lat' dir='ltr'>kathedralem</span> <span class='ocrx_word' id='word_1_514' title='bbox 655 1471 672 1486; x_wconf 90' lang='lat' dir='ltr'>et</span> <span class='ocrx_word' id='word_1_515' title='bbox 682 1469 756 1486; x_wconf 79' lang='lat' dir='ltr'>diocesim</span> <span class='ocrx_word' id='word_1_516' title='bbox 766 1469 795 1486; x_wconf 73' lang='lat' dir='ltr'>sub</span> <span class='ocrx_word' id='word_1_517' title='bbox 805 1469 901 1490; x_wconf 82' lang='lat' dir='ltr'>principibus</span> <span class='ocrx_word' id='word_1_518' title='bbox 908 1469 998 1486; x_wconf 78' lang='lat' dir='ltr'>memoratis</span> 
     </span>
     <span class='ocr_line' id='line_1_48' title="bbox 229 1494 1000 1516; baseline 0 -4"><span class='ocrx_word' id='word_1_519' title='bbox 229 1495 307 1512; x_wconf 83' lang='lat' dir='ltr'>situatam</span> <span class='ocrx_word' id='word_1_520' title='bbox 317 1495 418 1516; x_wconf 85' lang='lat' dir='ltr'>hominesque</span> <span class='ocrx_word' id='word_1_521' title='bbox 428 1494 445 1511; x_wconf 86' lang='lat' dir='ltr'>in</span> <span class='ocrx_word' id='word_1_522' title='bbox 458 1495 497 1516; x_wconf 81' lang='lat' dir='ltr'>ipsis</span> <span class='ocrx_word' id='word_1_523' title='bbox 506 1495 600 1516; x_wconf 70' lang='lat' dir='ltr'>hnbitautes,</span> <span class='ocrx_word' id='word_1_524' title='bbox 612 1495 695 1512; x_wconf 71' lang='lat' dir='ltr'>interdicto</span> <span class='ocrx_word' id='word_1_525' title='bbox 706 1495 811 1512; x_wconf 70' lang='lat' dir='ltr'>ecclesiastico</span> <span class='ocrx_word' id='word_1_526' title='bbox 823 1494 902 1512; x_wconf 79' lang='lat' dir='ltr'>subiacere</span> <span class='ocrx_word' id='word_1_527' title='bbox 912 1495 930 1511; x_wconf 84' lang='lat' dir='ltr'>in</span> <span class='ocrx_word' id='word_1_528' title='bbox 940 1494 1000 1511; x_wconf 78' lang='lat' dir='ltr'>Christi</span> 
     </span>
    </p>
   </div>
  </div>
 </body>
</html>
