1219 1821
227 219 264 238 334

226 270 288 291 mieidii,
299 270 369 290 incendii,
380 270 423 290 furti,
434 270 458 286 vel
469 270 512 286 aliud
523 270 625 291 quodcunque
636 270 694 287 1111111111
705 270 824 291 perpetraverit,
836 271 885 287 totam
895 275 950 291 pena-m
962 274 993 291 pro

229 296 273 313 nobis
284 300 384 312 reservamus.
407 296 465 312 Damus
476 296 524 312 eciam
536 296 565 312 sibi
577 298 593 312 ct
604 301 631 312 sue
643 296 731 317 posteritati
743 296 762 312 de
773 296 852 312 thabernis
868 296 932 312 tercium
943 296 994 312 dena-

226 322 271 342 rium,
281 321 319 338 duos
330 323 378 342 ortos,
389 321 428 338 dnos
439 326 467 342 pro
478 321 523 338 nobis
534 322 633 341 reservandm
645 322 674 338 boc
684 323 753 342 excepto,
764 321 805 342 quod
814 322 830 338 in
838 322 871 338 suis
878 322 954 338 ortulanis
962 326 992 342 pe-

226 352 261 364 nam
272 351 302 364 non
314 347 382 368 recipiet,
394 347 423 363 nisi
435 347 500 363 tercium
511 347 595 364 denarium.
618 347 694 363 Piscinam
706 347 754 363 eciam
765 347 819 363 dumus
831 347 859 364 sibi
872 349 961 364 construere
974 347 992 363 in

226 373 267 389 valle
277 377 307 393 que
318 373 376 389 transit
387 373 407 389 ad
418 372 522 389 molendinum
533 373 574 393 quod
585 372 642 389 dieitur
652 373 668 388 in
679 372 751 389 Polonioo
762 373 821 393 Kszozy
830 373 877 394 mlyn,
888 375 904 389 et
912 373 927 389 in
935 373 994 389 riwulo

226 398 252 419 qui
262 399 318 415 transit
327 398 346 415 ab
358 398 411 415 eodem
420 398 508 415 molendino
519 399 535 414 in
546 400 590 419 parte
601 400 660 414 nostra.
675 398 723 414 Omne
730 403 779 419 genus
790 398 865 419 piscandi,
876 398 930 415 damus
938 399 991 415 eciam

225 424 255 440 sibi
266 424 364 441 venacionem
373 424 442 445 leporum
454 426 470 441 et
480 424 546 440 aliarum
557 424 629 440 serarum.
651 424 751 440 Decleramus
766 424 833 444 insuper,
848 424 890 445 quod
905 424 945 440 idem
957 424 993 440 An-

225 450 271 466 dreas
280 452 296 466 et
305 450 329 466 5111
340 450 397 471 posteri
408 450 452 466 nobis
463 450 544 466 servicium
555 450 639 470 exhibebit,
650 451 697 470 prout
708 450 735 466 alii
745 450 805 466 sooloeti
817 450 833 466 in
844 450 902 466 nostris
912 450 994 466 beredita-

225 475 268 492 tibus
277 475 350 492 exhibent
361 477 377 492 et
388 476 459 492 exhibere
470 477 547 495 tenentur,
559 477 575 492 et
583 475 611 492 huc
619 475 635 491 in
643 475 706 491 Polonia
713 477 729 491 et
737 475 752 491 in
761 475 834 496 Cuyavia,
845 475 884 491 alias
892 480 927 492 non.
942 475 993 492 Κωθ-

226 501 280 518 thuna
290 506 326 518 vero
339 501 366 522 qni
378 502 394 517 in
405 501 482 522 sepedicta
495 501 582 518 hereditate
593 501 714 521 collocabuntur,
726 505 754 521 pro
765 505 811 517 censu
823 502 881 521 nostro,
895 501 960 521 quilibet
972 501 993 517 de

225 531 254 543 5110
265 531 323 547 manso,
335 532 362 548 per
373 531 399 543 sex
409 529 460 543 scotos
471 531 560 547 grossorum
572 527 652 543 annuatim
665 527 681 543 in
692 526 732 543 sesto
744 527 784 543 beati
796 527 860 543 Martini
874 527 918 543 nobis
930 527 993 543 solvere

225 552 308 569 tenebitur.
330 552 410 569 Decimam
419 552 527 573 manipulatim
538 553 554 569 in
564 553 595 569 suis
605 553 647 573 agris
658 552 702 569 nobis
713 552 773 569 dabunt
783 554 800 569 et
808 552 866 569 ducent
874 552 894 569 ud
902 557 954 569 oreum
963 557 992 569 no-

225 579 275 594 strum
286 578 348 594 ibidem.
372 578 430 598 Quater
441 578 456 594 in
466 583 507 594 anno
519 578 534 594 in
545 578 602 594 nostris
614 578 656 599 agris
667 578 738 595 arabunt.
753 578 784 595 Pro
793 579 858 599 prandio
869 579 920 599 magni
931 578 992 598 iudicii,

226 603 250 620 bis
259 603 275 620 in
286 608 331 624 111110,
343 604 401 624 pariter
411 608 438 620 sex
449 605 500 620 scotos
510 608 599 624 grossorum
610 603 654 620 nobis
665 604 728 620 dabunt.
744 604 762 620 In
770 604 809 620 festo
816 604 876 620 Pasche
883 609 911 625 per
921 603 992 620 medium

227 630 281 649 capere
288 634 356 650 ovorum,
366 631 382 645 et
393 629 409 645 in
419 629 530 650 Assumpcione
541 629 586 646 bene
593 629 643 646 Marie
650 629 713 650 virginis
721 634 749 650 per
756 629 794 646 duos
802 630 857 650 pullos,
868 629 937 650 quolibet
943 634 992 649 111110,

225 654 242 671 in
252 656 344 676 perpetuum
354 655 398 671 nobis
409 655 468 671 solvere
485 655 583 671 tenebuntur.
606 655 629 671 Ut
639 656 691 671 autem
706 655 733 671 hec
748 655 822 675 vendicio,
835 655 899 671 donacio
910 657 926 671 et
937 656 993 671 nostre

226 680 348 697 confirmacionis
359 680 443 697 ratificacio
454 680 529 697 inviolata
540 682 634 701 permaneat,
646 682 699 697 nostro
709 683 726 697 et
738 681 787 697 nostri
801 681 865 701 capituli
877 681 932 701 sig-illis
946 685 993 697 man-

226 706 296 723 davimus
307 706 401 727 appensione
412 706 485 723 roborari.
501 706 559 722 Datum
567 708 583 723 et
590 708 641 723 actum
652 707 669 723 111
679 706 790 723 Tnemeschna
801 709 857 727 quarto
865 706 908 723 des
917 707 992 727 Augusti,

225 731 254 748 snb
265 736 305 748 anno
316 732 378 748 Domini
387 733 481 753 m.oee.lx.ix,
492 732 590 753 presentibus
601 732 630 753 hys
641 732 714 748 testibus:
727 732 804 749 nobilibus
814 732 853 748 viris
861 732 925 749 Nicolao
932 732 991 749 herede

225 757 245 773 de
254 757 352 778 Smronnnic,
363 757 432 774 Iohanne
443 758 474 774 fflio
485 757 554 774 eiusdem
565 757 630 778 Nicolai,
645 757 724 778 Stephano
739 758 795 774 herede
809 758 828 774 de
843 758 927 779 Gorinyno,
942 758 993 779 Pay-

226 782 276 800 bielao
287 782 343 799 herede
353 783 402 800 eciam
412 783 432 800 de
443 783 529 805 Gor-inyno,
541 785 557 800 et
567 784 603 800 aliis
613 788 660 804 quam
672 784 741 805 pluribus
752 784 783 800 fide
793 784 848 805 dignis.

276 834 363 855 Katssowo,
375 835 450 851 Karsemo.
473 835 539 855 Welma,
553 836 611 851 Wetna.
633 834 731 855 Scoropanic,
743 840 812 855 zupmne
827 836 884 855 mylnie,
897 836 937 851 moke
950 840 991 852 zan.

225 861 310 880 Kopanina.
331 860 416 882 Gorinyno,
431 862 501 877 Goranin-
695 860 701 870 ¹

546 935 582 956 Nr.
605 934 668 956 1617.

277 984 362 1004 1110011115
375 984 426 1005 heres
440 984 461 1005 de
475 984 527 1005 Wola
540 985 558 1005 et
572 984 651 1005 Orchovo
667 985 736 1004 1369
750 984 785 1005 Oct.
802 985 844 1009 28,
862 985 883 1004 111
899 984 992 1010 0101101*ος

226 1019 258 1031 una
270 1019 304 1031 oum
315 1016 386 1031 consorte
397 1019 425 1031 sua
440 1015 517 1031 Katariua
531 1015 604 1031 ecclesias
617 1015 633 1031 in
648 1014 761 1031 hereditatibus
775 1015 807 1031 suis
821 1015 867 1031 dictis
878 1014 924 1031 Wola
933 1016 950 1031 et
961 1015 992 1031 Or-

226 1040 279 1057 chowo
288 1040 334 1061 erigit
343 1041 360 1057 ct
371 1040 420 1057 dotat.

280 1067 378 1086 ssansrumpt
392 1067 458 1086 ommia,
469 1067 579 1086 ponIerdmiy
588 1072 642 1086 przez:
652 1066 728 1083 Iohannes
738 1068 754 1083 et
764 1066 850 1083 Stanislaus
861 1066 917 1082 fratros
927 1066 991 1082 indivisi

227 1091 291 1108 hermias
302 1092 317 1107 in
329 1091 404 1108 Orchowo
416 1092 457 1107 1446
469 1092 501 1108 Ian.
513 1092 528 1112 5,
539 1092 555 1108 in
566 1091 646 1108 Orchowo.

282 1118 350 1133 Orchm
361 1123 375 1136 p.
388 1123 406 1133 m.
421 1118 490 1137 Wilcqm.
516 1118 593 1133 Wfasnolc'
604 1118 671 1133 kofflola
681 1119 792 1137 paraffizlneyo.

276 1168 294 1185 In
306 1169 367 1185 nomine
378 1169 439 1185 Domini
450 1173 500 1185 amen.
522 1169 598 1185 Noverint
610 1169 677 1185 universi
688 1169 728 1185 hane
737 1169 808 1189 paginam
819 1169 903 1189 inspecturi
915 1171 946 1185 tam
954 1174 991 1190 pre-

225 1196 277 1211 sentos
288 1199 334 1215 quom
345 1194 398 1214 futuri,
410 1194 451 1215 quod
463 1199 491 1211 nos
502 1194 575 1211 Nicolaus
587 1194 631 1211 heres
638 1194 658 1211 de
666 1194 711 1211 Wola
722 1196 739 1211 ct
750 1194 825 1215 Orchovo,
837 1199 869 1211 unu
877 1199 911 1211 cum
918 1197 991 1212 consorte

225 1222 279 1237 nostra
290 1220 360 1241 legitima
375 1220 460 1236 Catharinn
474 1220 550 1236 ereximus
564 1220 644 1237 ecclesiam
656 1220 672 1236 in
683 1220 770 1237 hereditate
784 1222 838 1236 nostra
854 1220 896 1237 dictu
907 1220 958 1241 Wola,
974 1221 991 1237 in

225 1250 268 1267 spem
279 1246 334 1262 salutis
349 1248 402 1262 nostre
413 1248 430 1262 et
440 1246 565 1266 predecessorum
580 1247 672 1266 nostrorum,
685 1247 701 1262 et
713 1246 804 1262 donavimus
818 1246 859 1262 dicte
872 1246 935 1263 ecclesie
950 1246 991 1263 duos

225 1276 287 1288 11111505
299 1271 355 1288 ibidem
366 1272 382 1288 in
393 1271 439 1288 Wola
448 1276 482 1288 cum
494 1272 553 1292 piscine
564 1271 626 1291 ibidem,
637 1273 653 1288 ct
663 1271 725 1288 hortum
734 1272 809 1288 iaoentem
820 1272 861 1288 inter
871 1272 945 1293 piscinam
953 1277 991 1292 pre—

226 1297 283 1314 dictam
294 1301 312 1313 nc
323 1297 408 1313 ecclesiam.
430 1297 469 1313 Item
481 1297 551 1313 dedimus
567 1297 623 1313 rectori
637 1297 704 1317 ecclesie¹
716 1297 732 1313 in
743 1297 814 1313 omnibus
825 1298 883 1314 nostris
898 1297 990 1314 hereditati-

225 1323 259 1343 bus,
270 1324 302 1339 tam
314 1323 329 1339 in
340 1323 386 1339 Wola
396 1327 442 1343 quam
453 1323 469 1339 iu
481 1323 561 1343 Orchowo,
572 1323 595 1339 ita
606 1323 651 1343 longe
662 1324 678 1339 ct
688 1322 721 1339 late
732 1324 750 1339 ut
761 1323 818 1339 transit
828 1323 844 1339 in
854 1323 919 1344 gadibus
929 1325 945 1339 et
957 1325 989 1340 ter-

225 1349 271 1365 minis
282 1349 318 1369 51115,
330 1348 378 1365 libere
389 1353 452 1369 pascere
463 1353 499 1365 oves
508 1350 525 1365 et
535 1349 582 1365 boves
589 1351 605 1365 et
612 1348 687 1365 indomita
694 1353 713 1365 ac
720 1353 776 1369 peoora
787 1349 843 1365 diversi
853 1350 919 1370 generis.
935 1349 990 1366 Eciam

225 1374 295 1391 dedimus
307 1374 363 1391 rectori
375 1374 442 1391 ciusdem
452 1374 520 1394 ecclesie,
533 1374 581 1391 libere
591 1374 621 1390 sibi
632 1374 687 1391 ducere
698 1374 740 1395 ligna
751 1375 783 1391 sive
799 1375 854 1391 rubeta
865 1375 881 1391 iu
892 1375 916 1391 his
929 1375 990 1392 heredi-

225 1400 284 1416 tatibus
294 1400 408 1421 suprascriptis.
431 1400 468 1416 Post
479 1400 508 1416 hoc
519 1405 555 1417 vero
569 1400 667 1416 fundavimus
683 1401 762 1417 ecclesium
774 1401 789 1417 in
801 1401 864 1417 civitate
877 1403 931 1417 nostra
946 1401 990 1418 dicta

225 1425 301 1442 Orchovo.
323 1426 413 1447 limumque
424 1426 494 1443 dedimus
505 1426 544 1443 ulios
554 1426 593 1442 duos
604 1431 666 1442 mansos
680 1426 735 1443 ibidem
746 1427 762 1443 in
773 1427 836 1443 civitate
850 1429 908 1447 nostra,
924 1428 939 1443 et
953 1427 990 1444 hor-

225 1453 259 1468 tum
270 1451 319 1468 latum
330 1452 382 1468 deeem
398 1452 449 1473 virgis,
464 1452 601 1469 circumfossatum.
624 1451 676 1468 Eciam
690 1452 761 1468 dedimus
774 1452 830 1468 rectori
842 1452 883 1469 dicte
898 1452 962 1469 ecclesie
972 1453 989 1469 in
