1219 1821
275 221 312 240 384

274 274 319 290 terna
329 273 434 290 benivolencia
442 274 558 294 prosequentes,
569 273 612 290 illam
623 274 651 290 tibi
662 274 729 294 gratiam
740 274 806 290 libenter
813 274 917 295 concedimus⁷
928 279 956 295 per
967 279 1014 295 quam
1022 275 1039 291 te

274 299 324 320 possis
334 299 370 316 aliis
380 299 443 316 reddere
452 299 544 320 graciosum.
566 299 608 316 Hinc
619 301 643 316 est
654 300 695 320 quod
706 304 739 320 nos⁷
750 300 797 316 etiam
807 300 929 316 consideratione
938 300 1014 317 carissimi
1022 300 1039 317 in

275 325 338 342 Christo
348 325 376 341 filii
387 325 437 342 nostri
446 325 521 342 Ludovici
532 325 573 346 regis
584 325 653 346 Unger-ie
662 325 733 346 illustris,
745 330 773 347 pro
784 327 800 342 te
809 326 866 342 dilecto
874 326 961 343 consiliario
972 331 1001 343 suo
1010 331 1038 343 no-

274 350 298 367 bis
308 355 355 371 super
365 351 394 367 hoc
402 351 481 367 humiliter
491 351 598 371 supplicantis,
609 353 651 368 tuam
662 352 733 368 volentes
744 351 820 368 honorare
831 356 913 372 personam
924 353 940 368 et
951 348 979 373 p'er
989 352 1038 368 hono-

274 381 307 393 rem
318 376 346 393 tibi
357 376 442 393 exhibitum
451 377 487 393 aliis
496 376 579 397 provideri,
590 377 678 394 huiusmodi
689 377 727 393 dicti
739 377 779 398 regis
790 382 808 394 ac
819 377 849 393 tuis
860 377 876 393 in
887 377 917 394 hae
924 379 969 398 parte
979 377 1039 398 suppli-

274 402 360 419 cationibus
366 402 444 419 inclinati:
452 402 548 419 fraternitati
554 404 581 419 tue
587 403 681 423 reservandi,
687 402 716 419 hac
722 403 756 419 vice
760 403 846 423 dumtaxat,
852 403 946 420 auctoritate
952 403 1039 424 apostolica

274 427 353 444 donationi
365 429 392 444 tue
402 428 470 449 quinque
481 428 555 445 beneficia
566 428 675 449 ecelesiastica,
685 433 719 445 cum
731 433 768 445 cura
779 428 803 445 vel
814 428 847 445 sine
858 433 900 449 cusa,
911 433 977 449 quorum
987 429 1038 446 cuius-

273 453 313 470 libet
323 453 388 474 fructus,
398 454 467 470 redditus
477 456 493 470 et
504 455 593 475 proventus,
604 454 617 470 si
629 459 664 470 cum
676 459 718 474 curn,
731 454 786 475 viginti
797 455 870 475 quinque,
885 454 899 471 si
910 459 946 471 vero
957 455 990 471 siue
1001 459 1039 471 cura

273 479 336 499 inerint,
347 479 400 496 decem
411 481 427 496 et
438 482 472 496 octo
484 479 581 496 marcharum
592 479 653 500 argenti
665 480 749 496 secundm
761 480 855 496 taxationem
866 480 925 497 decime
935 480 1003 497 valorem
1010 485 1038 497 an-

274 510 322 522 nuum
333 510 364 522 uon
375 505 454 525 excedant,
466 506 485 522 ad
496 505 599 525 collationem,
611 505 719 526 provisionem,
731 506 861 526 presentationem
873 510 900 522 seu
910 506 980 526 quamvis
991 506 1039 523 aliam

274 531 390 552 dispositionem
402 531 469 552 episcopi
480 531 590 547 Poznaniensis
600 535 629 551 pro
641 532 710 552 ternpore
718 531 799 548 existentis
809 532 908 552 pertinentia,
920 531 1002 549 dummodo
1009 532 1038 549 oli<

273 557 315 577 quod
322 561 341 573 ex
351 556 430 573 beneficiis
439 557 476 577 ipsis
488 557 586 573 manicatus
597 558 614 573 et
624 557 703 577 prebenda
717 557 782 573 ecclesie
797 557 890 573 cathedralis
902 562 933 573 non
944 557 1006 578 existat„
1017 558 1039 574 si-

274 587 304 603 que
320 584 389 603 tempore
405 582 514 599 reservationis
531 582 618 599 huiusmodi
634 583 712 599 vacabunt
727 583 752 599 vel
765 587 800 599 cum
814 583 908 603 vacaverint,
925 587 955 603 que
969 583 1039 604 quinque

274 613 339 629 persone
349 608 412 629 ydonee¹
424 613 463 629 quas
474 608 494 625 ad
505 608 534 624 hoc
544 608 606 624 duxeris
618 608 700 629 eligendas,
712 613 740 629 per
748 613 765 625 se
774 608 798 625 vel
811 610 919 629 procuratores
929 613 965 625 suos
976 608 997 625 ad
1008 609 1039 626 boe

275 634 343 655 legitime
354 634 452 654 constitutos,
463 633 504 650 infra
514 634 560 650 unius
571 634 629 650 mensis
639 634 707 654 spatium
722 635 804 655 postquam
815 634 885 655 personis
899 634 923 651 vel
934 634 1039 655 procuratori-

274 660 304 677 bus
314 660 388 681 predictis
398 660 483 677 vacationis
495 660 557 676 illorum
571 660 657 676 innotuerit
669 660 742 676 duxerint
756 660 855 680 acceptanda,
866 660 962 680 conserenda,
977 660 1039 681 singula

275 686 347 703 videlieet
353 685 462 702 beneficiorum
471 686 540 706 ipsorum
548 685 613 706 singulis
624 685 694 706 personis
702 685 759 702 eisdem
770 687 806 706 post
812 686 933 706 acceptationem
945 686 1038 706 huiusmodi,

275 716 310 728 cum
320 711 392 728 omnibus
403 711 462 728 iuribus
473 713 490 728 et
500 711 600 732 pertinenciis
611 711 648 731 suis,
662 707 741 727 inhibendi
752 715 814 732 quoqne
828 711 914 728 districtius
925 711 1039 728 successoribus

274 737 307 754 tuis
317 737 394 758 episcopis
404 737 534 753 Poznnniensibus
546 737 572 757 qui
584 738 630 753 eruut
639 741 667 757 pro
678 738 753 757 tempore,
768 741 787 753 ne
797 736 817 753 de
827 736 905 753 beneficiis
920 737 958 758 ipsis
970 737 1038 758 interim,

275 763 324 780 eciam
334 764 371 779 ante
380 763 502 783 acceptationem
513 762 606 783 huiusmodi,
616 763 647 779 nisi
658 764 741 783 postquam
751 762 774 779 eis
783 763 872 779 constiterit
886 763 927 783 quod
938 767 1003 783 persone
1014 763 1039 779 vel

275 790 385 810 procuratores
396 789 462 810 predicti
473 788 501 805 illu
511 789 590 805 noluerint
604 790 690 809 acceptare,
700 788 782 809 disponere
796 788 904 809 quoquomodo
914 790 1010 809 presumant,
1021 793 1039 805 ac

275 814 363 831 huiusmodi
374 814 453 835 beneficia,
464 819 495 835 que
504 816 523 831 ut
530 814 627 835 premittitur
634 814 735 835 prosternitis,
746 814 760 830 si
771 815 809 831 tunc
818 816 836 830 ut
843 814 920 835 prefertur
931 814 1008 831 vacabunt
1014 814 1040 831 vel

275 845 310 858 cum
320 840 414 861 vacaverint,
426 840 487 861 singula
497 840 569 857 videlicet
580 839 689 856 beneficiorum
699 840 769 860 ipsorum
779 840 844 861 singulis
855 840 925 860 personis
932 840 995 860 eisdem,
1003 841 1040 861 post

275 867 397 887 acceptationem
406 866 492 887 predictam
500 870 535 882 cum
542 866 613 882 omnibus
620 865 680 882 iuribus
690 867 706 882 et
717 865 816 886 pertinenciis
823 865 916 886 supradietis
923 866 976 882 eadem
985 867 1040 882 ancw-

276 892 323 909 ritate
334 891 422 909 conserendi
434 893 450 908 et
461 892 480 908 de
490 891 522 908 illis
530 892 577 908 etiam
588 891 683 913 providendi,
695 891 777 908 inducendi
788 896 849 912 quoque
860 896 888 912 per
895 893 911 908 te
921 891 946 908 vel
956 891 1004 908 alium
1012 895 1039 908 seu

275 918 314 935 alios
324 918 367 939 ipsas
379 922 452 938 pei-eorm
463 917 488 934 vel
499 918 607 938 procuratores
617 917 695 938 predictos
707 922 761 934 earum
772 917 834 934 nornine
844 917 860 933 iu
873 917 968 938 corporalem
979 921 1040 938 posses—

275 943 333 960 sionem
344 943 453 959 beneficiorum
464 947 482 959 ac
492 943 548 959 iurium
560 944 576 959 et
591 943 721 963 pertinenciarum
731 943 835 963 predictorum
849 943 902 959 eedem
913 943 1012 963 auctoritate,
1023 944 1040 959 et

275 969 366 986 defendendi
377 968 448 985 inductas
458 973 477 985 ac
487 968 553 985 seniendi
564 968 621 985 eisdem
637 969 706 989 personia
720 969 739 985 de
754 968 862 985 beneficiorum
877 969 945 989 ipsorum
959 968 1040 989 fructibus,

275 995 367 1015 redditibus,
378 994 483 1015 proventibus,
494 994 554 1011 iuribus
567 996 583 1011 et
594 994 712 1011 obventionibus
726 994 803 1011 universis
816 994 877 1015 integre
890 994 988 1015 respondet-Py
1004 999 1040 1011 con-

262 1037 265 1039 ,
276 1020 368 1037 tmiictores
379 1025 440 1041 quoque
451 1023 488 1039 ηας
498 1025 529 1037 non
540 1020 642 1040 obstantibus,
654 1020 667 1036 si
678 1020 727 1041 aliqui
741 1025 788 1041 super
798 1020 912 1041 provisionibus
926 1020 955 1036 sibi
966 1020 1041 1037 faciendis

276 1048 310 1066 (etc.
322 1051 376 1066 nuque:
385 1048 402 1062 ut
412 1048 428 1062 in
439 1048 518 1066 diplomate
529 1047 555 1062 Νν,
566 1047 610 1067 541),
622 1046 679 1063 mentio
687 1046 767 1067 specialis:
779 1046 840 1067 plenam
848 1047 864 1062 et
871 1046 935 1062 liberam
943 1046 1041 1062 concedimus

277 1074 330 1089 tenore
341 1072 436 1093 presentium
445 1072 540 1089 facultatem.
563 1072 596 1088 Nos
605 1072 646 1088 euim
657 1077 718 1088 exnunc
728 1072 790 1088 irritum
800 1072 896 1088 decernimus
907 1073 923 1088 et
930 1072 980 1092 inane,
992 1072 1005 1088 si
1016 1076 1040 1088 se-

276 1103 304 1115 cus
314 1103 361 1119 super
372 1098 402 1114 hiis
410 1102 420 1114 a
431 1102 509 1118 quoquam
523 1098 577 1119 quavis
590 1098 686 1114 auctoritate
698 1097 765 1114 scienter
779 1097 803 1114 vel
818 1097 907 1118 ignoranter
920 1097 1002 1118 contigerit
1015 1098 1040 1113 nt-

276 1124 355 1145 temptari.
378 1124 400 1140 Et
410 1124 474 1144 insuper
484 1124 559 1143 volumus.
571 1123 612 1144 quod
623 1123 642 1140 de
654 1123 742 1140 nominibus
753 1122 861 1140 beneficiorum
872 1123 965 1143 huiusmodi,
978 1124 995 1139 et
1004 1127 1040 1143 per-

276 1154 349 1167 sonarum
360 1150 416 1170 quibus
427 1154 445 1166 ea
456 1154 466 1166 a
477 1151 493 1166 te
504 1149 569 1166 conferri
578 1149 665 1170 contigerit,
676 1150 693 1165 et
703 1149 722 1165 de
729 1148 755 1165 die
764 1148 851 1165 collationis
859 1148 952 1169 huiusmodi,
964 1153 1040 1166 eameram

276 1177 350 1196 nostrm,
361 1180 389 1192 seu
399 1176 497 1192 wllectorem
507 1176 610 1196 proventuum
625 1174 674 1191 eidem
688 1179 748 1191 emere
759 1174 845 1191 debitorum
860 1174 876 1190 in
888 1174 919 1191 illis
933 1174 1003 1195 partibus
1014 1174 1040 1191 de-

276 1203 354 1223 putatum,
367 1201 452 1218 certificare
463 1206 541 1222 procura.
564 1201 622 1217 Datum
635 1200 677 1221 apud
691 1200 806 1217 Villamnovam
820 1200 929 1217 Aviuioneusis
943 1200 1009 1217 diocesis
1018 1200 1041 1217 VI

278 1227 315 1244 Idus
327 1227 368 1248 Iulii,
379 1232 420 1244 anno
431 1227 452 1243 11.

330 1254 349 1269 In
361 1258 374 1269 ι,
385 1258 403 1269 m.
426 1252 515 1270 Venerabili
527 1252 572 1269 fratri
583 1251 656 1269 Sbilutho
666 1252 738 1273 episeopo
747 1251 877 1268 Wladislaviensi.
